3042 4950
247 273 288 330 st
663 261 895 330 ANNALIUM
932 257 940 279 ⁵
1147 271 1198 349 [s.
1211 272 1326 331 utut.

256 433 352 511 Dein,
396 419 575 496 liscentlbus
598 412 743 518 negotiis,⁵
764 431 830 498 duo
843 430 954 511 additi,
974 431 1030 518 qui
1043 431 1159 498 Romae
1173 445 1327 498 curarent

260 522 342 584 Mox
367 453 545 603 duplicatus
569 539 729 595 numerus,
752 517 791 580 sti
831 517 952 582 ndian'a
972 519 1041 604 jam
1063 518 1164 597 Italia,
1187 531 1220 582 et
1244 540 1331 582 acee-

259 603 406 669 dentibus
419 601 649 688 provinciarum
663 540 878 688 vectigalibus}
909 605 997 682 Post,
1010 603 1080 689 lege
1095 604 1201 692 Syllae,
1217 602 1330 689 viginti

259 689 354 754 creati
374 687 549 774 supplendo
569 687 711 767 Senatui,
734 688 786 751 cui
807 687 928 774 judicia
941 687 1132 753 tradiderat:
1156 703 1199 767 et,
1219 710 1331 775 quam-

284 796 357 838 uam
378 772 509 858 Equites
534 772 649 836 'udicia
668 774 942 859 recuperavissent‚
964 773 1135 847 Quaestura
1153 788 1268 853 tamen,
1288 797 1329 837 ex

261 799 413 946 dignitate
434 857 525 923 candi
567 870 683 939 torum,
706 870 762 926 aut
782 857 932 924 facilitate
952 859 1170 943 tribuentium,
1190 858 1331 948 gratuito

259 1107 511 1170 muitueQuasures
521 1115 608 1159 aaut
616 1108 685 1171 ucat
696 1105 781 1159 deinde
844 1105 972 1178 Perlege
988 1105 1062 1173 saum
1080 1111 1170 1173 agean
1185 1113 1259 1161 mut
1273 1127 1331 1175 nep·

261 1175 358 1223 demum
373 1174 463 1222 additos
477 1174 537 1223 duos
549 1177 661 1235 urbanos,
672 1187 726 1223 cum
738 1173 781 1222 lai·
809 1175 896 1238 plaudo
906 1178 1016 1239 Semini]
1041 1175 1106 1224 Nam
1116 1176 1237 1225 Senatores
1246 1177 1333 1224 flebant

261 1239 314 1287 vius
324 1238 400 1286 undat
410 1240 435 1298 t,
447 1239 488 1286 43.
498 1240 528 1286 ab
538 1237 604 1285 initio
613 1239 782 1288 duosurbanos
813 1239 925 1299 maxima,
949 1240 991 1305 qui
1014 1240 1177 1304 magistratum
1199 1241 1332 1290 inferiorem

259 1309 352 1351 tantum
363 1301 442 1362 fuisse,
453 1301 543 1350 additos
553 1301 636 1350 deinde
646 1302 705 1350 duos
715 1303 783 1364 alios,
813 1302 941 1366 gmdssent.
973 1303 1042 1352 Solos
1057 1303 1199 1363 Quustorios
1215 1305 1240 1352 in
1259 1306 1331 1353 Sena-

262 1367 303 1428 qui
311 1365 452 1414 Consulibus
469 1365 494 1413 in
512 1366 602 1414 bellum
617 1365 726 1428 puetis
739 1366 782 1414 ad·
812 1375 866 1414 tum
875 1367 946 1416 lectos
955 1367 1125 1426 ecmannus,
1135 1378 1164 1418 ut
1173 1384 1228 1417 cum
1237 1369 1334 1432 Sigania

262 1437 347 1479 essent.
381 1429 460 1478 Verba
476 1438 547 1478 suntr
565 1433 644 1478 Moles
655 1431 783 1478 dbcoedia·
813 1431 865 1478 vult
880 1431 991 1492 Picbena,
1007 1447 1056 1480 non
1071 1432 1146 1480 credo
1179 1431 1235 1482 MS.
1251 1432 1332 1482 uuelt

264 1510 320 1542 rum
338 1496 401 1542 inter
414 1495 505 1555 plebem
521 1509 549 1542 oc
560 1496 647 1542 Patres
664 1501 717 1542 ortu
732 1501 782 1555 ert5
812 1495 977 1560 mppkmento.
993 1495 1065 1544 Ειιιι.

266 1563 339 1620 captu
359 1559 388 1606 ab
409 1559 550 1620 duplicando
567 1560 717 1616 eroestorum
737 1573 784 1607 aa·
845 1561 947 1622 Equites
950 1561 1046 1624 judicic
1055 1559 1265 1625 recuperoulreeat]
1277 1560 1334 1609 Non

262 1637 336 1682 atero,
357 1629 393 1682 ut,
413 1628 502 1684 prum
518 1623 575 1670 daos
593 1624 693 1671 urbanos
713 1623 784 1678 Qua.
812 1628 841 1670 ut
855 1623 1013 1672 adimuentur
1021 1624 1118 1672 omnino
1128 1625 1233 1684 Senatui,
1249 1625 1290 1673 sed
1306 1633 1334 1674 ut

263 1693 344 1746 storea
363 1687 408 1734 dico
431 1687 570 1736 Consulibus
591 1687 623 1734 ud
649 1688 784 1736 munera
812 1701 867 1736 uim
878 1687 1006 1752 Equitibus
1018 1688 1088 1736 etiam
1102 1689 1335 1746 communicarenmr,

264 1752 318 1826 belli
333 1757 423 1828 praeto
440 1757 521 1799 circat.
554 1750 608 1813 Ego
623 1765 673 1799 rem
688 1763 783 1799 omnem
812 1749 876 1864 ppod
891 1751 980 1800 fectum
996 1765 1045 1801 essa
1061 1760 1151 1801 conant
1168 1752 1220 1816 lege
1233 1753 1334 1803 Aurelia

264 1829 425 1928 wli.
443 1813 667 1938 difficili?
675 1829 784 1928 iiiiii
852 1815 1166 1944 titatium]
1193 1877 1276 1944 aas
1291 1878 1334 1950 n.

264 1942 442 2006 magistratuum
450 1942 555 2002 ambitio,
564 1949 592 1990 ut
598 1942 730 2006 Poplicola,
741 1957 784 2008 po-
814 1942 885 2008 gbius
902 1944 933 1992 ad
950 1960 972 1992 a.
988 1945 1021 1992 U.
1031 1944 1060 1992 G.
1075 1945 1132 1999 672.
1145 1945 1196 1993 bac
1209 1947 1280 1993 verba
1294 1961 1333 1993 ac.

263 2008 322 2072 pulo
336 2007 484 2070 permitteret.
516 2007 572 2065 Sed,
582 2021 637 2054 cum
649 2005 713 2055 Coss
725 2022 785 2068 opus
814 2008 880 2069 cipit,
896 2008 964 2070 qnasi
981 2008 1049 2056 Sulla
1064 2008 1152 2067 tulerit,
1169 2016 1198 2056 ιιι
1211 2010 1335 2072 quotannis

262 2071 380 2120 videretur
397 2071 422 2118 in
446 2069 513 2118 bellis
532 2069 661 2118 ministerio
676 2068 786 2128 Questu-
815 2069 854 2116 isti
870 2083 911 2117 xx
925 2071 1068 2130 Quastores,
1083 2071 1170 2133 partim
1186 2072 1269 2134 populi
1285 2073 1335 2120 arf-

262 2149 327 2194 rum,
338 2143 432 2198 propter
441 2149 490 2181 rem
507 2131 670 2196 pecuniariam,
681 2147 785 2182 necem&
814 2132 897 2196 fregio,
907 2133 994 2196 partim
1005 2135 1135 2182 consulum
1150 2135 1261 2183 beneficio
1271 2151 1334 2184 nea·

264 2197 609 2256 riumvisumestQuaestores
626 2197 697 2245 creari
713 2211 727 2245 a
742 2212 785 2260 po·
812 2205 911 2247 rennui
934 2197 1110 2258 namTaeitus‚
1128 2198 1215 2262 inquit,
1232 2201 1335 2260 mofoeto

264 2263 322 2326 pulo
331 2263 430 2310 comitiis
440 2261 540 2322 nudatis,
557 2269 644 2310 utrem
660 2260 785 2309 militarem
815 2261 910 2310 dixisset
920 2264 1014 2325 populi,
1025 2276 1073 2320 non
1083 2264 1240 2311 tribuentium
1248 2266 1335 2329 fucill-

264 2335 357 2390 possent
372 2326 490 2390 attingere,
507 2325 570 2388 quod
591 2324 681 2386 injussu
702 2325 785 2389 populi
816 2331 872 2385 tute,
889 2324 910 2375 si
927 2326 1101 2390 soluspopnlus
1113 2327 1264 2386 Quasnam
1278 2335 1336 2395 tunc

263 2398 287 2438 et
305 2389 354 2438 sine
369 2391 421 2452 lege
436 2389 524 2438 curiata
539 2403 585 2437 non
600 2389 661 2438 licet.
694 2388 726 2438 Id
741 2405 785 2453 ap·
815 2388 921 2438 (ledisset.
955 2391 1023 2440 Idem
1050 2390 1072 2438 ei
1092 2392 1193 2454 apertius
1216 2392 1335 2442 ostendere

263 2469 343 2520 parere
353 2454 451 2515 videtur,
468 2460 495 2503 ut
509 2453 613 2515 arbitror,
629 2469 659 2503 ex
674 2469 709 2510 eo,
721 2451 785 2517 quod
812 2453 895 2503 cicero
905 2452 997 2504 videm
1010 2455 1036 2502 in
1053 2453 1243 2519 interrogatione,
1260 2470 1335 2521 quum

265 2519 335 2567 etiam
357 2533 447 2581 semper
463 2517 630 2578 Quaestoribus,
644 2518 785 2584 Consulem,
815 2533 835 2567 e.
853 2522 878 2567 5.
892 2518 925 2567 ait
935 2519 1059 2567 Vatinium
1077 2518 1207 2573 ermturae
1225 2521 1335 2569 emdida

260 2582 306 2646 'qui
327 2582 451 2646 immriutn
472 2582 573 2638 baberet,
594 2582 714 2642 secuturis,
733 2581 785 2645 lega
812 2590 876 2642 tum,
893 2584 977 2631 inuitis
993 2584 1107 2638 omnibu,
1122 2598 1169 2631 uon
1185 2586 1278 2647 populi,
1295 2587 1335 2634 scd

265 2645 361 2704 curiam
381 2646 437 2693 dieis
452 2654 587 2705 caussaut
602 2644 658 2710 ipsis
673 2646 785 2694 Pnocoua.
817 2644 924 2695 Comulir
940 2648 1186 2709 berteficioaetremum
1202 2650 1334 2698 mutuae}

265 2726 324 2774 opus
333 2710 387 2769 fuit,
399 2719 427 2758 ut
437 2710 555 2759 eximimtu
565 2710 688 2771 Gruchina,
701 2723 785 2773 quam·
816 2709 855 2757 Ea
872 2710 936 2758 enim
952 2714 1023 2760 verba
1039 2710 1129 2771 docere,
1147 2725 1197 2759 uno
1212 2712 1335 2772 Quastore

264 2790 337 2839 quarn
345 2772 600 2836 dissonuenteSigonio.
633 2772 785 2823 Cicerol'bil.
814 2774 898 2839 populi
919 2774 1034 2839 suffragiis
1049 2783 1135 2835 meam,
1152 2775 1252 2825 alterum
1277 2790 1335 2827 mox

266 2840 291 2898 2,
309 2838 348 2885 20.
363 2838 444 2899 objicit
458 2838 571 2897 Antonio,
586 2838 658 2902 quod,
676 2837 785 2897 Quastor
816 2838 984 2887 renuntiatione
996 2838 1104 2889 Consulis
1120 2841 1335 2890 eturbaeandidra'

265 2912 362 2961 oreatus,
379 2902 457 2949 statim
474 2901 504 2950 ad
519 2901 633 2951 Curarem
650 2902 675 2949 in
691 2901 786 2965 provin·
815 2909 893 2950 torum
903 2902 973 2964 adjici
987 2904 1090 2967 pontiae
1098 2918 1107 2962 3
1122 2913 1193 2967 atque
1203 2906 1334 2953 alternatim

265 2966 326 3014 ciam
335 2965 460 3015 cucurrerit
469 2968 520 3013 siue
530 2966 580 3015 SC·
591 2967 641 3013 sinc
653 2972 723 3025 eone,
735 2969 786 3014 stne
815 2967 931 3029 usquead
941 2976 1079 3015 extremum.
1112 2968 1146 3016 Et
1155 2968 1181 3016 id
1190 2968 1291 3018 fortassis
1306 2985 1334 3018 eo

259 3032 321 3092 *lega
349 3030 414 3093 Ergo
424 3030 557 3088 Quuatores
567 3044 621 3079 cum
631 3036 685 3079 tutte
695 3044 786 3093 semper
816 3028 941 3079 maniae
954 3031 1055 3091 Sullam,
1071 3046 1102 3081 ne
1117 3033 1188 3081 nimis
1203 3034 1249 3081 diu·
1259 3043 1335 3082 exuas

265 3094 291 3141 in
318 3094 375 3143 urbe
396 3103 513 3142 curassent
533 3094 647 3150 ararium,
668 3103 785 3157 coepmunt
816 3094 926 3142 herentur
945 3095 1039 3144 comitia
1058 3095 1083 3143 in
1105 3104 1171 3146 unu
1185 3097 1335 3157 Questomm

262 3156 313 3220 jam
324 3158 395 3207 etiam
404 3157 472 3206 bellis
481 3158 601 3207 interesset
615 3156 785 3223 ideoque,cum
817 3172 921 3207 numero.
950 3158 1010 3208 Hae
1019 3160 1110 3208 somnia
1125 3169 1181 3209 sunt
1192 3161 1335 3210 inanissima

258 3238 337 3285 prope
347 3230 459 3287 perpetua
468 3222 530 3271 bella
546 3229 630 3279 essent,
640 3236 712 3286 prope
722 3235 784 3270 sem·
816 3224 841 3270 B
877 3258 879 3262 -
922 3238 963 3271 um
980 3226 1090 3273 emaus
1106 3224 1210 3273 Ciceroni
1225 3224 1286 3273 nibil
1301 3235 1336 3275 ea

258 3302 306 3349 per
316 3288 412 3334 aberant
429 3288 459 3333 ab
475 3288 533 3334 urbe
546 3285 686 3345 Quaestores.
720 3285 785 3335 Hinc
815 3286 864 3334 aliu
901 3302 973 3350 quam
984 3288 1102 3347 Οοιιιιιιίι,
1112 3289 1154 3352 qui
1163 3288 1262 3337 comitiis
1277 3304 1337 3353 prae-

265 3350 387 3398 consilium
403 3358 486 3397 natum
496 3358 538 3407 est,
553 3358 580 3398 ut
590 3358 673 3413 prater
682 3351 741 3399 duos
757 3350 787 3397 il-
814 3357 874 3409 erat,
889 3351 993 3399 smdium
1007 3361 1031 3400 et
1045 3352 1163 3401 contendo
1176 3352 1202 3399 in
1218 3366 1336 3402 commen.

265 3414 308 3474 los,
327 3414 413 3477 quibus
431 3412 509 3461 liceret
527 3413 552 3460 in
570 3414 660 3461 bellum
681 3414 715 3463 ira
729 3427 786 3463 cum
816 3412 894 3462 (larido
904 3414 1007 3475 Vatinio,
1020 3425 1043 3465 et
1054 3416 1176 3465 vehemens
1190 3431 1233 3481 pro
1243 3432 1271 3465 eo
1281 3432 1337 3481 snp-

264 3476 413 3537 Gonsulibus,
426 3484 555 3530 crearentur
565 3476 606 3524 alii
620 3478 676 3536 duo,
691 3478 733 3541 qui
749 3492 787 3527 as-
817 3477 919 3541 plicatio,
930 3478 995 3543 quod
1004 3480 1107 3544 rogandi
1121 3495 1196 3544 genus
1209 3496 1264 3530 cum
1276 3493 1336 3546 sem·

264 3540 326 3589 sidui
344 3540 369 3588 in
385 3542 442 3589 urbe
453 3550 537 3601 essem,
553 3541 641 3605 quique
652 3541 785 3601 Quaestores
816 3553 858 3606 per
874 3542 904 3591 sit
919 3543 1055 3606 gratiosum,
1071 3553 1124 3593 tum
1140 3542 1336 3605 routhardum,

264 3605 347 3653 urbani
358 3604 495 3665 dicerentun
507 3618 561 3653 cum
572 3614 641 3654 antea
651 3605 785 3664 Quaestores
815 3605 903 3669 quibus
920 3608 980 3656 nibil
996 3609 1034 3668 sit,
1051 3608 1268 3673 quadragentibus
1288 3624 1336 3659 non

264 3668 399 3731 simpliciter
420 3668 554 3717 dicerentur.
588 3668 699 3718 Ceterum
725 3669 782 3719 MS.
815 3671 869 3733 jure
886 3686 910 3719 se
922 3685 1085 3720 wnoessurnm
1102 3674 1204 3736 populus
1219 3682 1295 3738 putet,
1311 3670 1337 3723 b'i

266 3732 346 3781 Guelf.
367 3733 437 3782 habet
458 3734 645 3796 cornmiliiurem,
668 3742 783 3799 corrupta
816 3734 898 3783 multis
913 3749 975 3799 sape
988 3736 1089 3800 indignis
1103 3737 1241 3799 profuerunt
1255 3747 1278 3787 et
1287 3738 1336 3786 ruf.

265 3796 368 3846 vinear
380 3798 401 3852 l,
416 3798 455 3845 43.
473 3796 545 3845 usn.
770 3830 773 3834 -
815 3796 1006 3863 fiagiaqmmvis
1016 3799 1095 3849 invitis
1104 3809 1255 3850 extorserunt.
1286 3803 1337 3851 Ne.

298 3862 430 3926 Caratent]
458 3861 497 3911 Sic
508 3862 531 3921 4,
548 3860 589 3909 36.
603 3870 629 3912 et
642 3860 700 3911 Sall.
711 3862 783 3913 Catil.
832 3877 863 3910 ue
873 3862 950 3927 inepte
959 3864 1012 3913 Nic.
1022 3865 1153 3926 Abrammn
1163 3880 1230 3929 posse
1240 3874 1263 3913 et
1272 3865 1337 3915 frau.

182 3982 186 3989 Δ
262 3929 287 3976 9.
304 3927 426 3989 Rempubl.
437 3932 555 3974 curarent.
833 3925 839 3935 ’
861 3926 1023 3991 urffrngiontm
1038 3930 1130 3993 punctis
1140 3929 1251 3977 adbibita
1259 3930 1336 3993 suspi-

233 4046 235 4050 ,
294 3993 359 4039 Mon
374 3991 507 4052 duplicatus
521 3992 646 4055 numerus]
672 3989 784 4053 Epitome
815 3990 906 4039 cionem
927 3998 1015 4040 motam
1034 3992 1104 4041 credi.
1137 3994 1207 4041 Nam
1224 3993 1335 4043 Tacitum

262 4054 325 4107 Livii
338 4057 376 4104 15.
402 4056 550 4112 Quaenam
560 4066 672 4103 nanterus
683 4057 783 4117 auspiia·
814 4056 949 4103 nonsolum
962 4056 1090 4119 intelligere
1098 4057 1222 4119 populum,
1233 4058 1336 4107 autin

262 4126 299 4167 tus
321 4126 362 4179 est,
386 4124 412 4166 ut
431 4126 481 4166 octo
498 4126 578 4167 esunt.
611 4117 683 4179 Quod
699 4119 783 4179 accidit
811 4134 856 4166 sua
867 4119 994 4167 subtilitate
1004 4135 1081 4175 usum,
1094 4136 1169 4183 quum
1180 4122 1336 4170 tribuentium

261 4182 350 4231 circiter
361 4198 382 4230 a
394 4200 419 4232 u.
430 4184 485 4230 488.
503 4182 580 4232 lurs.
813 4182 906 4241 maluit,
921 4183 990 4230 facile
1007 4184 1133 4245 largimurz
1152 4185 1241 4259 quippe
1251 4195 1275 4232 et
1291 4198 1336 4250 po'·

261 4374 350 4433 eadem,
363 4374 386 4420 ni
397 4374 473 4435 fallu,
486 4388 573 4424 unua
600 4326 781 4438 VideDiouem‚
808 4374 930 4437 saumata
948 4376 1103 4425 tribuentium
1121 4378 1194 4427 libera
1205 4378 1335 4441 Republica

137 4446 144 4455 “
260 4440 299 4495 43.
313 4439 351 4494 47.
369 4438 444 4503 lura.
649 4479 655 4500 2.
815 4438 904 4500 etjure
918 4439 1065 4493 tumidorum
1082 4455 1152 4507 penes
1168 4442 1283 4507 populum
1297 4454 1334 4499 eti
