3042 4950
243 250 281 307 ss
666 225 892 311 aunarius
1137 253 1227 325 [su.
1241 254 1310 310 sor.

249 422 325 475 sent.
361 410 534 475 Praefectus
546 424 649 477 tamen
663 425 694 477 et
708 424 779 477 octo
790 413 1005 490 Centuriones,
1013 434 1049 475 ac
1063 411 1314 498 promptissimus

250 494 384 581 quisquc
401 494 601 581 manipularis
618 496 770 561 occidere:
794 520 851 561 nec
864 497 964 561 multo
976 511 1049 593 post
1060 496 1246 581 pabulantes
1258 518 1315 560 no·

254 591 332 643 stros
346 578 563 665 missasquead
577 581 750 645 subsidium
764 595 883 644 turmas
896 580 985 666 proflr
1049 592 1073 645 t.

298 663 474 728 XXXIX.
492 665 580 728 Tum
588 664 731 729 Ostorius
744 666 886 729 cohortes
903 687 942 727 ex
1007 664 1064 727 'tas
1077 663 1241 750 opposuit:
1257 687 1315 729 nec

255 744 326 811 ideo
342 747 451 832 fugam
463 748 599 825 sistebat,
616 747 648 811 ni
662 748 798 835 legiones
811 746 954 835 proelium
968 746 1169 834 excepissent
1193 750 1315 813 Earum

255 831 365 895 robore
379 842 503 917 aequata
516 854 634 919 pugna,
647 830 720 896 dein
741 832 831 896 nobis
841 854 900 918 pro
909 830 1034 917 meliore
1052 830 1121 895 fuit
1165 832 1316 918 Effugere

255 915 369 993 hostes,
387 915 473 979 tenui
487 916 611 994 damno,
652 916 704 981 uia
716 915 884 980 inclinabat
897 916 973 980 dies.
1016 915 1135 980 Crebra
1146 916 1219 979 hinc
1231 938 1315 1003 proe-

256 997 308 1077 lia,
334 1013 365 1063 ct
387 1001 500 1086 saepius
521 1000 554 1063 in
577 940 706 1063 molum
726 999 875 1064 latrocinii
894 1022 951 1086 per
970 999 1076 1077 soltus,
1096 1022 1152 1085 per
1172 1000 1314 1087 paludes,

258 1096 295 1145 ut
315 1084 429 1169 cuique
451 1106 526 1163 sors,
556 1098 611 1148 aut
632 1084 750 1157 virtus3
783 1099 908 1160 temere,
930 1085 1070 1170 proviso:
1100 1085 1142 1147 ob
1162 1084 1250 1161 iram,
1271 1086 1314 1149 ob

280 1166 414 1231 raedam:
434 1169 537 1253 jussu,
550 1182 582 1233 et
589 1168 757 1254 aliquando
767 1168 884 1253 ignaris
897 1168 1049 1233 Ducibus.
1093 1170 1145 1231 Ac
1158 1169 1316 1254 praecipua

257 1188 397 1314 Eilurum
425 1252 605 1337 pervicacia,
634 1276 714 1340 quos
742 1251 928 1316 accendebat
958 1251 1086 1338 vulgata
1114 1252 1316 1337 Imperatoris

259 1336 354 1399 Rom.
369 1358 447 1399 vox:
472 1344 493 1374 “
506 1348 542 1399 ut
563 1337 721 1424 quondam
737 1336 906 1422 Sugambri
920 1336 1013 1400 excisi
1026 1350 1057 1399 et
1070 1336 1103 1399 in
1118 1336 1237 1413 Gallias
1251 1350 1314 1401 tra-

254 1418 329 1504 jecti
339 1419 452 1497 forent,
467 1420 511 1484 ita
521 1420 659 1485 Silurum
669 1442 782 1485 nomen
796 1420 920 1506 penitus
930 1420 1219 1506 exstinguendum.''
1250 1421 1315 1519 lgi-

259 1518 311 1567 tur
331 1501 409 1567 duas
424 1504 587 1569 auxiliares
606 1506 757 1583 cohortes,
777 1504 905 1568 avaritia
919 1504 1142 1569 Praefectorum
1161 1504 1315 1568 incautius

257 1587 452 1672 populantes,
471 1588 678 1676 intercepere:
701 1614 715 1653 s
756 1588 860 1685 lisque
878 1600 909 1652 et
928 1612 964 1653 ca
987 1588 1065 1659 tivos
1083 1588 1252 1673 largiendo,
1266 1612 1316 1652 ce·

258 1682 338 1734 teras
352 1695 395 1757 qu
439 1674 631 1737 uenationes
649 1675 690 1738 ad
726 1674 905 1736 eiectionem
920 1612 1102 1737 trabebant:
1123 1695 1207 1749 cum,
1223 1673 1316 1737 taedio

258 1695 526 1835 curarumolessus,
550 1758 695 1822 Ostorius
709 1756 856 1821 concessit
876 1757 958 1830 vita;
982 1756 1060 1821 lastis
1073 1756 1223 1833 hostibus,
1239 1770 1316 1820 tam-

258 1862 353 1923 qnam
368 1842 490 1904 Ducem
505 1842 590 1906 haud
605 1841 824 1928 spernendum,
845 1854 876 1904 et
890 1840 915 1903 si
929 1863 990 1905 non
1012 1838 1167 1925 proelium,
1181 1853 1215 1903 at
1231 1854 1315 1904 certe

258 1922 386 2002 bellum,
401 1925 628 2012 absumpsisset.

259 2094 298 2140 51.
317 2096 358 2143 ubi
376 2096 445 2143 etiam
462 2098 516 2146 libri
532 2095 626 2160 quidam
649 2100 772 2147 marnae.
804 2100 921 2148 lerabilius
931 2106 979 2145 erat
998 2101 1132 2159 capram.
1156 2098 1228 2145 Ean.
1259 2096 1314 2161 Bip·

260 2154 292 2203 V.
303 2157 423 2207 Drakeub.
435 2160 506 2208 Eam
537 2161 587 2223 Ap.
598 2158 665 2207 Lact.
677 2161 708 2207 D.
717 2161 738 2208 1.
748 2165 772 2221 5,
804 2164 983 2225 oppomit,mm
995 2161 1090 2223 Lipsioz
1107 2160 1197 2209 recfius.

260 2222 283 2269 6.
300 2223 410 2270 occinuit
420 2224 541 2278 debonat
552 2224 593 2271 ubi
603 2224 772 2273 aliiocridioaa.
836 2228 889 2274 Pro
906 2224 1000 2273 meliore
1009 2226 1065 2287 fait
1083 2225 1196 2287 effugere]
1214 2224 1315 2278 Senam

280 2286 397 2362 'Quisque
415 2288 563 2361 mutamur]
580 2287 674 2345 Verius,
691 2302 704 2334 e
722 2304 774 2335 mo·
804 2297 856 2351 post
878 2287 1036 2337 eustimatum
1061 2296 1104 2346 est,
1126 2303 1168 2361 nos
1191 2287 1316 2349 superiores

258 2349 774 2476 tdtrlttsiittttttttttt
804 2352 1074 2463 2ῗῖἭῶΡέῗὲ
1087 2350 1317 2478 &baffi

261 2475 344 2523 Taciti.
361 2476 396 2524 H.
410 2478 776 2540 1,57.pronrteamtelegaru.
805 2478 1006 2528 v.001tadsalt
1018 2477 1076 2540 Jug.
1086 2481 1126 2525 22.
1158 2477 1270 2526 Sedmox
1280 2476 1315 2524 vi·

192 2583 194 2588 .
260 2538 307 2587 Sed
315 2540 775 2603 tamenfrequentissimegenitivumjun-
804 2542 871 2590 detur
888 2541 1021 2604 legardam,
1037 2541 1160 2602 ersugere.
1192 2539 1317 2588 Rationem

260 2601 440 2662 gisiacensis
447 2604 574 2666 malitquis
581 2607 774 2665 amnipulorium.
805 2606 866 2652 enim
885 2605 976 2652 videtur
995 2604 1090 2652 reddere
1107 2604 1174 2661 velle,
1193 2618 1242 2662 cur,
1260 2618 1316 2650 cum

260 2664 332 2714 Ean.
367 2665 466 2713 Praefero
476 2663 641 2728 rimaipuloris,
658 2676 685 2714 ut
698 2668 720 2728 l,
732 2670 772 2716 20.
804 2684 871 2731 aequo
887 2668 965 2714 Maru
980 2667 1130 2726 messana,
1145 2676 1223 2715 tamen
1237 2674 1317 2730 postea

261 2729 302 2776 21.
318 2737 342 2776 et
354 2729 393 2786 15,
402 2730 438 2776 12.
455 2729 496 2776 ubi
507 2739 585 2778 anot
592 2729 647 2793 Bip.
664 2731 774 2778 Suntau-
804 2746 829 2778 se
842 2732 936 2779 victores
950 2729 1092 2778 crediderint.
1125 2731 1155 2777 In
1172 2729 1214 2780 tali
1234 2745 1259 2778 re
1274 2744 1317 2777 no·

260 2800 309 2840 tem
327 2795 484 2854 manipulares
500 2795 612 2866 primores
632 2794 733 2842 militum
755 2811 773 2842 s.
805 2802 850 2842 ster
864 2795 979 2857 copulaet
993 2794 1074 2841 utitur.
1104 2793 1195 2856 Fugere
1210 2792 1317 2842 sancho·

259 2856 436 2966 priplcipesquos
444 2861 548 2904 nominat
556 2856 638 2919 Vrget.
647 2858 702 2904 itam
710 2857 774 2920 prin-
804 2867 859 2968 ires,
867 2857 1089 2920 inquiusedtamen
1099 2859 1163 2906 tenui
1177 2857 1316 2906 damnosis.
1386 2869 1389 2877 ’

260 2918 281 2965 ci
321 2921 380 2973 es25
392 2921 415 2974 7.
828 2917 880 2968 aa?

282 2934 440 3030 procurantes
453 2991 543 3033 nostros
552 2984 689 3049 missusque]
706 2983 776 3034 Hanc
837 2982 951 3047 Proviso]
958 2984 1051 3043 Verius,
1055 2987 1160 3046 prouisa.
1169 2983 1245 3033 Iura.
1261 2983 1318 3034 MS.

263 3059 313 3095 esse
323 3061 401 3093 veram
407 3047 527 3096 lectionem
536 3056 653 3112 putamus,
666 3063 718 3110 quae
729 3056 774 3095 tot·
805 3047 868 3095 Flor.
875 3050 981 3109 proviso,
996 3048 1059 3111 quod
1069 3048 1154 3111 recepit
1163 3056 1222 3095 recta
1233 3047 1317 3097 Piohe-

260 3107 323 3157 idem
338 3109 409 3158 literis
423 3111 497 3158 estin
511 3113 548 3160 ed.
562 3111 694 3168 Puteolani,
713 3111 776 3158 unde
805 3125 842 3158 na.
858 3113 929 3160 Ean.
963 3110 996 3158 Et
1007 3113 1078 3158 secuti
1088 3112 1235 3159 recentiores..

261 3185 308 3220 non
319 3172 476 3226 dubitavimus
490 3176 622 3224 restituere:
640 3182 776 3236 secutusque
838 3176 875 3224 Ac
881 3176 1015 3237 proedpuc]
1033 3173 1128 3222 Rectius
1135 3174 1318 3234 conjunctionem

261 3237 477 3286 eatnosBroterius
487 3238 560 3286 Codd.
569 3239 632 3287 rior.
643 3239 721 3286 Guelf.
731 3253 776 3300 pa-
803 3239 937 3287 obfuturam
947 3246 1014 3300 putat
1023 3237 1128 3286 Freinsh.
1161 3237 1187 3285 Si
1197 3238 1254 3300 quid
1264 3253 1318 3285 mu.

261 3300 363 3348 hamatis
381 3317 423 3348 aos
441 3305 502 3364 ipsos
521 3305 662 3364 mumque:
686 3301 722 3348 ed.
739 3317 774 3364 pr.
805 3302 910 3356 tandum,
933 3301 1013 3347 malim
1035 3302 1080 3360 At,
1101 3301 1164 3364 quod
1185 3301 1223 3348 hic
1245 3301 1317 3363 aptis-

258 3363 396 3424 pobolatam
408 3367 510 3426 nosipsos
517 3369 650 3427 missosque,
663 3365 724 3412 unde
735 3381 776 3414 ro·
805 3366 891 3414 sunum
901 3365 957 3422 fore,
966 3363 1032 3413 facile
1042 3379 1121 3412 omnes
1129 3364 1234 3412 reddent.
1244 3365 1318 3412 Eun.

261 3425 324 3474 lebat
345 3427 372 3473 J.
392 3429 522 3476 Gronovius
537 3429 578 3475 lior
599 3431 665 3489 ipsos.
698 3428 777 3491 Atqui
838 3428 953 3476 suasuri
972 3428 1056 3489 eunti]
1084 3427 1190 3476 Ferratus
1211 3428 1236 3474 iu
1257 3429 1318 3476 notia

262 3489 368 3550 proxime
383 3490 412 3538 de
430 3491 554 3540 interfectis
570 3500 719 3553 processerat.
752 3492 775 3540 Ε
805 3492 947 3539 hieracitis
970 3499 993 3537 et
1010 3491 1108 3538 Ursinus
1123 3506 1165 3553 pro
1183 3491 1319 3542 couectione

262 3552 450 3606 nostrori'actum
461 3557 614 3616 mtaosipror.
646 3553 776 3602 Beroaldus
806 3555 890 3605 Faerni
906 3553 987 3602 laudat
1003 3556 1083 3600 εωοίεί.
1119 3555 1156 3602 At
1171 3555 1196 3601 in
1210 3554 1318 3603 omnibus

264 3615 775 3680 etAlodedcrepaboloatiraostrosmissos.
806 3619 872 3670 editis
886 3618 944 3665 meis
958 3619 1031 3664 excid
1042 3619 1120 3682 reperi.
1153 3617 1320 3680 Etpossetaoe-

263 3693 314 3742 que·
345 3678 406 3737 Qua
416 3695 479 3734 nunc
489 3681 576 3736 obtinet
585 3681 653 3732 lectio
659 3683 776 3742 pabulan-
807 3684 849 3729 citi
867 3680 967 3728 defendi.
1003 3681 1068 3728 Nam
1087 3682 1211 3743 Sugambri
1227 3681 1319 3744 proprie

265 3745 295 3790 tis
306 3749 405 3804 nostros,
417 3745 522 3805 ipsusque
535 3747 617 3796 mittas
627 3745 730 3808 primum
741 3760 777 3792 re·
807 3760 853 3792 non
875 3744 952 3804 deleti,
969 3743 1009 3793 sed
1030 3746 1077 3791 suis
1098 3745 1191 3792 sedibus
1207 3745 1277 3792 exciti
1292 3745 1318 3792 in

264 3806 777 3869 perituriuedRhen.15³3·undedunere
807 3808 910 3856 Galliam
931 3807 1030 3854 traducti
1048 3816 1118 3864 sunt3
1137 3817 1217 3872 estque
1232 3809 1257 3856 id
1271 3808 1320 3856 iere

264 3869 351 3930 Aldus,
363 3870 489 3934 Gryphius,
498 3871 575 3920 ceteri.
607 3872 691 3934 Itaque
702 3872 776 3934 suspi-
807 3871 925 3945 proprium
940 3871 966 3916 iu
982 3886 1009 3919 ea
1023 3887 1048 3918 re
1064 3873 1169 3920 verbum.
1196 3871 1247 3920 ‘Sed
1261 3886 1318 3931 gens

264 3935 337 3983 corin
352 3943 406 3984 nota
422 3934 531 3985 ahenas
544 3949 593 3982 esse
603 3935 685 3989 vidum
697 3949 778 3998 opera-
807 3950 885 3982 exosa
905 3934 950 3982 dici
972 3943 1053 3996 potest,
1073 3951 1127 3982 cnm
1148 3941 1211 3982 motu
1227 3934 1319 3984 sedibus

267 4014 330 4059 rum,
341 3998 396 4050 dicit
413 3998 475 4046 enim
492 4014 516 4046 se
533 3998 647 4062 scripsisse
678 3999 779 4055 ,obtruso
808 3999 854 4045 suis
872 3997 924 4044 aliis
945 3998 1094 4057 immiscetur,
1115 4009 1143 4045 ut
1163 4012 1246 4046 nomeu
1266 4013 1320 4060 pro-

264 4070 297 4110 tes
314 4068 403 4110 costros
419 4065 486 4124 ipsos.
504 4061 574 4108 Ean.
608 4063 637 4109 In
694 4061 777 4118 ened.
808 4061 885 4122 prium
900 4060 984 4107 habere
996 4060 1090 4107 desinat.
1124 4061 1156 4108 Et
1170 4061 1203 4108 sic
1214 4061 1266 4108 bb
1282 4077 1319 4108 ca-

269 4127 338 4173 1544.
351 4126 420 4188 plane
438 4125 518 4173 eadem
535 4125 652 4173 diversitas
668 4125 692 4172 in
711 4133 776 4172 textu
806 4123 925 4234 {epldum
941 4125 1013 4173 Enn-
1046 4125 1109 4172 Flor.
1126 4126 1205 4172 eccisi,
1241 4124 1319 4173 sicet

265 4197 359 4237 etnota.
832 4203 871 4233 u.

298 4254 407 4301 cobortes
418 4255 534 4315 superlitas·
545 4254 663 4315 esposuit]
676 4252 724 4300 Cur
736 4269 777 4300 aur-
840 4254 875 4298 Et
886 4252 910 4297 iu
927 4253 957 4298 G.
971 4258 1002 4297 tr.
1010 4254 1050 4315 f]
1069 4251 1146 4310 Ursin.
1164 4268 1217 4300 cum
1232 4253 1320 4305 Facruu

260 4317 363 4374 poscit?
388 4319 430 4364 An
441 4318 465 4364 in
476 4317 572 4365 navibus
582 4315 690 4378 fuerant?
707 4317 778 4378 begi-
807 4323 848 4362 out
860 4318 884 4361 ia
898 4318 929 4371 G.
939 4321 968 4360 tr.
975 4317 1000 4378 s.

266 4377 350 4424 timum
372 4383 466 4427 verbum
493 4390 540 4428 erat
567 4383 680 4435 sicdatisit.
728 4381 776 4432 To-
875 4389 878 4392 ’
