<?xml version="1.0" encoding="UTF-8"?>
<!DOCTYPE html PUBLIC "-//W3C//DTD XHTML 1.0 Transitional//EN"
    "http://www.w3.org/TR/xhtml1/DTD/xhtml1-transitional.dtd">
<html xmlns="http://www.w3.org/1999/xhtml" xml:lang="en" lang="en">
 <head>
  <title>
</title>
<meta http-equiv="Content-Type" content="text/html;charset=utf-8" />
  <meta name='ocr-system' content='tesseract 3.04.00' />
  <meta name='ocr-capabilities' content='ocr_page ocr_carea ocr_par ocr_line ocrx_word'/>
</head>
<body>
  <div class='ocr_page' id='page_1' title='image "./ccorneliitaciti01grongoog/ccorneliitaciti01grongoog_0182.png"; bbox 0 0 3042 4950; ppageno 0'>
   <div class='ocr_carea' id='block_1_1' title="bbox 222 237 1280 327">
    <p class='ocr_par' dir='ltr' id='par_1_1' title="bbox 222 237 1280 327">
     <span class='ocr_line' id='line_1_1' title="bbox 222 237 1280 327; baseline -0.003 -28"><span class='ocrx_word' id='word_1_1' title='bbox 222 240 276 305; x_wconf 71' lang='grc' dir='ltr'>ιιι</span> <span class='ocrx_word' id='word_1_2' title='bbox 440 322 443 327; x_wconf 23' lang='grc' dir='ltr'>Ι</span> <span class='ocrx_word' id='word_1_3' title='bbox 626 237 862 301; x_wconf 78' lang='grc' dir='ltr'>ΑΝΝΑιιιιΜ</span> <span class='ocrx_word' id='word_1_4' title='bbox 1110 246 1280 323; x_wconf 64' lang='lat' dir='ltr'>[saara</span> 
     </span>
    </p>
   </div>
   <div class='ocr_carea' id='block_1_2' title="bbox 137 396 1279 1065">
    <p class='ocr_par' dir='ltr' id='par_1_2' title="bbox 137 396 1279 1065">
     <span class='ocr_line' id='line_1_2' title="bbox 216 396 1279 492; baseline 0.001 -25"><span class='ocrx_word' id='word_1_5' title='bbox 216 403 308 468; x_wconf 84' lang='lat' dir='ltr'>ritate</span> <span class='ocrx_word' id='word_1_6' title='bbox 323 414 421 483; x_wconf 87' lang='lat' dir='ltr'>sueta,</span> <span class='ocrx_word' id='word_1_7' title='bbox 436 396 508 491; x_wconf 86' lang='lat' dir='ltr'>post</span> <span class='ocrx_word' id='word_1_8' title='bbox 525 398 691 491; x_wconf 84' lang='lat' dir='ltr'>congressu</span> <span class='ocrx_word' id='word_1_9' title='bbox 705 416 737 470; x_wconf 89' lang='lat' dir='ltr'>et</span> <span class='ocrx_word' id='word_1_10' title='bbox 754 399 916 485; x_wconf 77' lang='lat' dir='ltr'>comitatu,</span> <span class='ocrx_word' id='word_1_11' title='bbox 932 405 1037 480; x_wconf 76' lang='lat' dir='ltr'>Otho:</span> <span class='ocrx_word' id='word_1_12' title='bbox 1061 418 1093 470; x_wconf 91' lang='lat' dir='ltr'>et</span> <span class='ocrx_word' id='word_1_13' title='bbox 1111 396 1279 492; x_wconf 84' lang='lat' dir='ltr'>postremo,</span> 
     </span>
     <span class='ocr_line' id='line_1_3' title="bbox 217 490 1276 579; baseline 0 -26"><span class='ocrx_word' id='word_1_14' title='bbox 217 513 257 553; x_wconf 91' lang='lat' dir='ltr'>ne</span> <span class='ocrx_word' id='word_1_15' title='bbox 271 490 304 553; x_wconf 94' lang='lat' dir='ltr'>in</span> <span class='ocrx_word' id='word_1_16' title='bbox 319 490 397 553; x_wconf 87' lang='lat' dir='ltr'>urbe</span> <span class='ocrx_word' id='word_1_17' title='bbox 410 490 575 554; x_wconf 76' lang='lat' dir='ltr'>aemulatus</span> <span class='ocrx_word' id='word_1_18' title='bbox 588 505 704 577; x_wconf 84' lang='lat' dir='ltr'>ageret,</span> <span class='ocrx_word' id='word_1_19' title='bbox 720 492 888 579; x_wconf 82' lang='lat' dir='ltr'>provinciae</span> <span class='ocrx_word' id='word_1_20' title='bbox 903 492 1075 556; x_wconf 76' lang='lat' dir='ltr'>Lusitaniae</span> <span class='ocrx_word' id='word_1_21' title='bbox 1088 490 1276 578; x_wconf 74' lang='lat' dir='ltr'>praeficitur:</span> 
     </span>
     <span class='ocr_line' id='line_1_4' title="bbox 213 575 1278 663; baseline 0.001 -24"><span class='ocrx_word' id='word_1_22' title='bbox 213 575 270 639; x_wconf 93' lang='lat' dir='ltr'>ubi</span> <span class='ocrx_word' id='word_1_23' title='bbox 285 575 440 660; x_wconf 91' lang='lat' dir='ltr'>usquead</span> <span class='ocrx_word' id='word_1_24' title='bbox 458 575 558 640; x_wconf 92' lang='lat' dir='ltr'>civilia</span> <span class='ocrx_word' id='word_1_25' title='bbox 572 598 670 655; x_wconf 80' lang='lat' dir='ltr'>arma,</span> <span class='ocrx_word' id='word_1_26' title='bbox 684 599 747 640; x_wconf 92' lang='lat' dir='ltr'>non</span> <span class='ocrx_word' id='word_1_27' title='bbox 759 600 800 640; x_wconf 89' lang='lat' dir='ltr'>ex</span> <span class='ocrx_word' id='word_1_28' title='bbox 817 579 919 663; x_wconf 91' lang='lat' dir='ltr'>priore</span> <span class='ocrx_word' id='word_1_29' title='bbox 931 577 1068 655; x_wconf 83' lang='lat' dir='ltr'>infamia,</span> <span class='ocrx_word' id='word_1_30' title='bbox 1085 576 1139 640; x_wconf 91' lang='lat' dir='ltr'>sed</span> <span class='ocrx_word' id='word_1_31' title='bbox 1158 576 1278 663; x_wconf 82' lang='lat' dir='ltr'>integre</span> 
     </span>
     <span class='ocr_line' id='line_1_5' title="bbox 137 660 1136 748; baseline 0.003 -26"><span class='ocrx_word' id='word_1_32' title='bbox 137 674 143 679; x_wconf 85' lang='lat'>&#39;</span> <span class='ocrx_word' id='word_1_33' title='bbox 214 674 381 747; x_wconf 81' lang='lat' dir='ltr'>sancteque</span> <span class='ocrx_word' id='word_1_34' title='bbox 395 660 468 747; x_wconf 86' lang='lat' dir='ltr'>egit,</span> <span class='ocrx_word' id='word_1_35' title='bbox 484 670 599 748; x_wconf 85' lang='lat' dir='ltr'>procax</span> <span class='ocrx_word' id='word_1_36' title='bbox 614 660 669 725; x_wconf 89' lang='lat' dir='ltr'>otii</span> <span class='ocrx_word' id='word_1_37' title='bbox 684 675 716 724; x_wconf 91' lang='lat' dir='ltr'>et</span> <span class='ocrx_word' id='word_1_38' title='bbox 773 662 890 725; x_wconf 90' lang='lat' dir='ltr'>testatis</span> <span class='ocrx_word' id='word_1_39' title='bbox 905 661 1136 747; x_wconf 86' lang='lat' dir='ltr'>temperantior.¹</span> 
     </span>
     <span class='ocr_line' id='line_1_6' title="bbox 257 744 1277 831; baseline 0.002 -22"><span class='ocrx_word' id='word_1_40' title='bbox 257 747 404 810; x_wconf 92' lang='lat' dir='ltr'>XLVII.</span> <span class='ocrx_word' id='word_1_41' title='bbox 441 748 605 810; x_wconf 78' lang='lat' dir='ltr'>Hactenus</span> <span class='ocrx_word' id='word_1_42' title='bbox 624 744 713 809; x_wconf 94' lang='lat' dir='ltr'>Nero</span> <span class='ocrx_word' id='word_1_43' title='bbox 751 746 855 831; x_wconf 87' lang='lat' dir='ltr'>agitiis</span> <span class='ocrx_word' id='word_1_44' title='bbox 875 760 906 810; x_wconf 92' lang='lat' dir='ltr'>et</span> <span class='ocrx_word' id='word_1_45' title='bbox 926 746 1091 810; x_wconf 89' lang='lat' dir='ltr'>sceleribus</span> <span class='ocrx_word' id='word_1_46' title='bbox 1104 747 1277 812; x_wconf 84' lang='lat' dir='ltr'>velamenta</span> 
     </span>
     <span class='ocr_line' id='line_1_7' title="bbox 213 830 1277 917; baseline 0.002 -23"><span class='ocrx_word' id='word_1_47' title='bbox 213 830 366 917; x_wconf 84' lang='lat' dir='ltr'>quaesivit.</span> <span class='ocrx_word' id='word_1_48' title='bbox 389 831 607 917; x_wconf 25' lang='lat' dir='ltr'>&#39;Suspectabat</span> <span class='ocrx_word' id='word_1_49' title='bbox 621 831 756 896; x_wconf 85' lang='lat' dir='ltr'>maxime</span> <span class='ocrx_word' id='word_1_50' title='bbox 772 832 952 895; x_wconf 90' lang='lat' dir='ltr'>Cornelium</span> <span class='ocrx_word' id='word_1_51' title='bbox 968 832 1098 915; x_wconf 89' lang='lat' dir='ltr'>Sullam,</span> <span class='ocrx_word' id='word_1_52' title='bbox 1115 855 1216 896; x_wconf 83' lang='lat' dir='ltr'>socors</span> <span class='ocrx_word' id='word_1_53' title='bbox 1229 833 1277 896; x_wconf 92' lang='lat' dir='ltr'>in-</span> 
     </span>
     <span class='ocr_line' id='line_1_8' title="bbox 211 915 1275 1065; baseline 0.002 -86"><span class='ocrx_word' id='word_1_54' title='bbox 211 917 340 1003; x_wconf 87' lang='lat' dir='ltr'>genium</span> <span class='ocrx_word' id='word_1_55' title='bbox 359 917 428 1003; x_wconf 90' lang='lat' dir='ltr'>ejus</span> <span class='ocrx_word' id='word_1_56' title='bbox 442 917 474 978; x_wconf 93' lang='lat' dir='ltr'>in</span> <span class='ocrx_word' id='word_1_57' title='bbox 489 915 679 981; x_wconf 86' lang='lat' dir='ltr'>contrarium</span> <span class='ocrx_word' id='word_1_58' title='bbox 694 917 829 994; x_wconf 89' lang='lat' dir='ltr'>trahens,</span> <span class='ocrx_word' id='word_1_59' title='bbox 845 916 1054 1065; x_wconf 82' lang='lat' dir='ltr'>callidumque</span> <span class='ocrx_word' id='word_1_60' title='bbox 1071 930 1103 981; x_wconf 90' lang='lat' dir='ltr'>et</span> <span class='ocrx_word' id='word_1_61' title='bbox 1117 918 1275 981; x_wconf 75' lang='lat' dir='ltr'>simulato-¹</span> 
     </span>
    </p>
   </div>
   <div class='ocr_carea' id='block_1_3' title="bbox 173 998 1274 1345">
    <p class='ocr_par' dir='ltr' id='par_1_3' title="bbox 173 998 1274 1345">
     <span class='ocr_line' id='line_1_9' title="bbox 212 998 1274 1091; baseline 0.001 -26"><span class='ocrx_word' id='word_1_62' title='bbox 212 1024 278 1065; x_wconf 91' lang='lat' dir='ltr'>rem</span> <span class='ocrx_word' id='word_1_63' title='bbox 292 1001 534 1088; x_wconf 88' lang='lat' dir='ltr'>interpretando.</span> <span class='ocrx_word' id='word_1_64' title='bbox 557 998 663 1073; x_wconf 85' lang='lat' dir='ltr'>Quem</span> <span class='ocrx_word' id='word_1_65' title='bbox 674 1016 793 1066; x_wconf 90' lang='lat' dir='ltr'>metum</span> <span class='ocrx_word' id='word_1_66' title='bbox 804 1004 944 1091; x_wconf 90' lang='lat' dir='ltr'>Graptus</span> <span class='ocrx_word' id='word_1_67' title='bbox 955 1026 994 1065; x_wconf 88' lang='lat' dir='ltr'>ex</span> <span class='ocrx_word' id='word_1_68' title='bbox 1016 1004 1123 1068; x_wconf 90' lang='lat' dir='ltr'>ibertis</span> <span class='ocrx_word' id='word_1_69' title='bbox 1132 1004 1274 1081; x_wconf 86' lang='lat' dir='ltr'>Caesaris,</span> 
     </span>
     <span class='ocr_line' id='line_1_10' title="bbox 173 1084 1274 1175; baseline -0.001 -24"><span class='ocrx_word' id='word_1_70' title='bbox 173 1102 175 1107; x_wconf 87' lang='grc'><strong>’</strong></span> <span class='ocrx_word' id='word_1_71' title='bbox 213 1102 275 1151; x_wconf 86' lang='lat' dir='ltr'>usu</span> <span class='ocrx_word' id='word_1_72' title='bbox 294 1099 326 1151; x_wconf 89' lang='lat' dir='ltr'>et</span> <span class='ocrx_word' id='word_1_73' title='bbox 346 1099 467 1171; x_wconf 86' lang='lat' dir='ltr'>senecta</span> <span class='ocrx_word' id='word_1_74' title='bbox 480 1086 611 1150; x_wconf 84' lang='lat' dir='ltr'>Tiberio</span> <span class='ocrx_word' id='word_1_75' title='bbox 630 1084 771 1174; x_wconf 88' lang='lat' dir='ltr'>abusque</span> <span class='ocrx_word' id='word_1_76' title='bbox 790 1088 919 1153; x_wconf 89' lang='lat' dir='ltr'>domum</span> <span class='ocrx_word' id='word_1_77' title='bbox 937 1088 1121 1175; x_wconf 78' lang='lat' dir='ltr'>Principum</span> <span class='ocrx_word' id='word_1_78' title='bbox 1135 1088 1274 1166; x_wconf 87' lang='lat' dir='ltr'>edoctus,</span> 
     </span>
     <span class='ocr_line' id='line_1_11' title="bbox 212 1170 1274 1261; baseline -0.001 -25"><span class='ocrx_word' id='word_1_79' title='bbox 212 1172 267 1255; x_wconf 88' lang='lat' dir='ltr'>tali</span> <span class='ocrx_word' id='word_1_80' title='bbox 282 1170 443 1235; x_wconf 88' lang='lat' dir='ltr'>mendacio</span> <span class='ocrx_word' id='word_1_81' title='bbox 457 1171 599 1236; x_wconf 89' lang='lat' dir='ltr'>intendit.</span> <span class='ocrx_word' id='word_1_82' title='bbox 638 1174 724 1236; x_wconf 93' lang='lat' dir='ltr'>Pons</span> <span class='ocrx_word' id='word_1_83' title='bbox 739 1174 883 1238; x_wconf 89' lang='lat' dir='ltr'>Mulvius</span> <span class='ocrx_word' id='word_1_84' title='bbox 893 1174 929 1251; x_wconf 78' lang='lat' dir='ltr'>in</span> <span class='ocrx_word' id='word_1_85' title='bbox 942 1196 980 1237; x_wconf 89' lang='lat' dir='ltr'>eo</span> <span class='ocrx_word' id='word_1_86' title='bbox 994 1187 1133 1261; x_wconf 91' lang='lat' dir='ltr'>tempore</span> <span class='ocrx_word' id='word_1_87' title='bbox 1146 1172 1274 1237; x_wconf 89' lang='lat' dir='ltr'>celebris</span> 
     </span>
     <span class='ocr_line' id='line_1_12' title="bbox 211 1256 1273 1345; baseline -0.001 -24"><span class='ocrx_word' id='word_1_88' title='bbox 211 1257 371 1321; x_wconf 86' lang='lat' dir='ltr'>nocturnis</span> <span class='ocrx_word' id='word_1_89' title='bbox 384 1256 543 1321; x_wconf 83' lang='lat' dir='ltr'>inlecebris</span> <span class='ocrx_word' id='word_1_90' title='bbox 558 1268 642 1321; x_wconf 87' lang='lat' dir='ltr'>erat:</span> <span class='ocrx_word' id='word_1_91' title='bbox 660 1258 894 1345; x_wconf 85' lang='lat' dir='ltr'>ventitabatque</span> <span class='ocrx_word' id='word_1_92' title='bbox 908 1258 983 1322; x_wconf 91' lang='lat' dir='ltr'>illuc</span> <span class='ocrx_word' id='word_1_93' title='bbox 997 1260 1096 1337; x_wconf 91' lang='lat' dir='ltr'>Nero,</span> <span class='ocrx_word' id='word_1_94' title='bbox 1110 1283 1176 1345; x_wconf 91' lang='lat' dir='ltr'>quo</span> <span class='ocrx_word' id='word_1_95' title='bbox 1190 1258 1273 1322; x_wconf 92' lang='lat' dir='ltr'>solu-</span> 
     </span>
    </p>
   </div>
   <div class='ocr_carea' id='block_1_4' title="bbox 209 1341 1273 2111">
    <p class='ocr_par' dir='ltr' id='par_1_4' title="bbox 209 1341 1273 2111">
     <span class='ocr_line' id='line_1_13' title="bbox 212 1341 1272 1431; baseline -0.001 -24"><span class='ocrx_word' id='word_1_96' title='bbox 212 1343 285 1418; x_wconf 88' lang='lat' dir='ltr'>tius,</span> <span class='ocrx_word' id='word_1_97' title='bbox 301 1343 411 1406; x_wconf 90' lang='lat' dir='ltr'>urbem</span> <span class='ocrx_word' id='word_1_98' title='bbox 425 1356 524 1420; x_wconf 87' lang='lat' dir='ltr'>extra,</span> <span class='ocrx_word' id='word_1_99' title='bbox 538 1341 701 1407; x_wconf 86' lang='lat' dir='ltr'>lasciviret.</span> <span class='ocrx_word' id='word_1_100' title='bbox 746 1346 763 1409; x_wconf 97' lang='lat' dir='ltr'>I</span> <span class='ocrx_word' id='word_1_101' title='bbox 798 1358 861 1422; x_wconf 90' lang='lat' dir='ltr'>tur,</span> <span class='ocrx_word' id='word_1_102' title='bbox 878 1344 1100 1431; x_wconf 86' lang='lat' dir='ltr'>“regredienti</span> <span class='ocrx_word' id='word_1_103' title='bbox 1119 1367 1176 1431; x_wconf 92' lang='lat' dir='ltr'>per</span> <span class='ocrx_word' id='word_1_104' title='bbox 1189 1343 1272 1407; x_wconf 91' lang='lat' dir='ltr'>viam</span> 
     </span>
     <span class='ocr_line' id='line_1_14' title="bbox 210 1366 1273 1515; baseline -0.001 -23"><span class='ocrx_word' id='word_1_105' title='bbox 210 1427 395 1492; x_wconf 84' lang='lat' dir='ltr'>Flaminiam</span> <span class='ocrx_word' id='word_1_106' title='bbox 409 1427 593 1514; x_wconf 86' lang='lat' dir='ltr'>&#39;compositas</span> <span class='ocrx_word' id='word_1_107' title='bbox 609 1427 745 1507; x_wconf 81' lang='lat' dir='ltr'>insidiae,</span> <span class='ocrx_word' id='word_1_108' title='bbox 761 1366 798 1492; x_wconf 62' lang='lat' dir='ltr'>Id</span> <span class='ocrx_word' id='word_1_109' title='bbox 850 1451 890 1492; x_wconf 90' lang='lat' dir='ltr'>ue</span> <span class='ocrx_word' id='word_1_110' title='bbox 903 1429 1044 1507; x_wconf 87' lang='lat' dir='ltr'>evitatas,</span> <span class='ocrx_word' id='word_1_111' title='bbox 1059 1431 1208 1515; x_wconf 89' lang='lat' dir='ltr'>quoniam</span> <span class='ocrx_word' id='word_1_112' title='bbox 1225 1429 1273 1492; x_wconf 88' lang='lat' dir='ltr'>di-</span> 
     </span>
     <span class='ocr_line' id='line_1_15' title="bbox 210 1512 1272 1599; baseline 0 -22"><span class='ocrx_word' id='word_1_113' title='bbox 210 1536 300 1578; x_wconf 90' lang='lat' dir='ltr'>verso</span> <span class='ocrx_word' id='word_1_114' title='bbox 318 1513 429 1578; x_wconf 88' lang='lat' dir='ltr'>itinere</span> <span class='ocrx_word' id='word_1_115' title='bbox 449 1512 651 1577; x_wconf 86' lang='lat' dir='ltr'>Sallustianos</span> <span class='ocrx_word' id='word_1_116' title='bbox 667 1512 700 1575; x_wconf 93' lang='lat' dir='ltr'>in</span> <span class='ocrx_word' id='word_1_117' title='bbox 718 1513 825 1577; x_wconf 87' lang='lat' dir='ltr'>hortos</span> <span class='ocrx_word' id='word_1_118' title='bbox 843 1515 1033 1592; x_wconf 86' lang='lat' dir='ltr'>remeaverit,</span> <span class='ocrx_word' id='word_1_119' title='bbox 1050 1527 1272 1599; x_wconf 90' lang='lat' dir='ltr'>auctoremque</span> 
     </span>
     <span class='ocr_line' id='line_1_16' title="bbox 210 1596 1273 1685; baseline -0.002 -22"><span class='ocrx_word' id='word_1_120' title='bbox 210 1600 278 1663; x_wconf 88' lang='lat' dir='ltr'>e&#39;us</span> <span class='ocrx_word' id='word_1_121' title='bbox 293 1596 357 1662; x_wconf 90' lang='lat' dir='ltr'>doli</span> <span class='ocrx_word' id='word_1_122' title='bbox 370 1598 519 1676; x_wconf 83' lang='lat' dir='ltr'>Sullam,”</span> <span class='ocrx_word' id='word_1_123' title='bbox 528 1599 712 1663; x_wconf 86' lang='lat' dir='ltr'>ementitur:</span> <span class='ocrx_word' id='word_1_124' title='bbox 727 1600 804 1685; x_wconf 88' lang='lat' dir='ltr'>quia</span> <span class='ocrx_word' id='word_1_125' title='bbox 813 1599 904 1678; x_wconf 86' lang='lat' dir='ltr'>forte,</span> <span class='ocrx_word' id='word_1_126' title='bbox 915 1599 1118 1664; x_wconf 87' lang='lat' dir='ltr'>redeuntibus</span> <span class='ocrx_word' id='word_1_127' title='bbox 1126 1598 1273 1667; x_wconf 91' lang='lat' dir='ltr'>ministris</span> 
     </span>
     <span class='ocr_line' id='line_1_17' title="bbox 211 1624 1271 1772; baseline -0.002 -24"><span class='ocrx_word' id='word_1_128' title='bbox 211 1624 316 1748; x_wconf 62' lang='lat' dir='ltr'>llrinci</span> <span class='ocrx_word' id='word_1_129' title='bbox 339 1684 376 1762; x_wconf 89' lang='lat' dir='ltr'>is,</span> <span class='ocrx_word' id='word_1_130' title='bbox 391 1682 531 1770; x_wconf 91' lang='lat' dir='ltr'>quidam,</span> <span class='ocrx_word' id='word_1_131' title='bbox 546 1706 603 1770; x_wconf 90' lang='lat' dir='ltr'>per</span> <span class='ocrx_word' id='word_1_132' title='bbox 612 1684 784 1771; x_wconf 88' lang='lat' dir='ltr'>juvenilem</span> <span class='ocrx_word' id='word_1_133' title='bbox 797 1685 961 1763; x_wconf 87' lang='lat' dir='ltr'>licentiam,</span> <span class='ocrx_word' id='word_1_134' title='bbox 977 1708 1050 1771; x_wconf 88' lang='lat' dir='ltr'>quae</span> <span class='ocrx_word' id='word_1_135' title='bbox 1063 1698 1140 1749; x_wconf 90' lang='lat' dir='ltr'>tunc</span> <span class='ocrx_word' id='word_1_136' title='bbox 1157 1683 1271 1772; x_wconf 84' lang='lat' dir='ltr'>passim</span> 
     </span>
     <span class='ocr_line' id='line_1_18' title="bbox 209 1706 1273 1857; baseline -0.001 -24"><span class='ocrx_word' id='word_1_137' title='bbox 209 1706 422 1848; x_wconf 63' lang='lat' dir='ltr'>exercebatur,</span> <span class='ocrx_word' id='word_1_138' title='bbox 437 1770 560 1832; x_wconf 89' lang='lat' dir='ltr'>inanem</span> <span class='ocrx_word' id='word_1_139' title='bbox 575 1782 692 1833; x_wconf 89' lang='lat' dir='ltr'>metum</span> <span class='ocrx_word' id='word_1_140' title='bbox 707 1769 854 1834; x_wconf 86' lang='lat' dir='ltr'>fecerant.</span> <span class='ocrx_word' id='word_1_141' title='bbox 883 1773 996 1857; x_wconf 91' lang='lat' dir='ltr'>Neque</span> <span class='ocrx_word' id='word_1_142' title='bbox 1011 1792 1169 1834; x_wconf 90' lang='lat' dir='ltr'>servorum</span> <span class='ocrx_word' id='word_1_143' title='bbox 1184 1769 1273 1856; x_wconf 61' lang='lat' dir='ltr'>quis&#39;·⁵</span> 
     </span>
     <span class='ocr_line' id='line_1_19' title="bbox 209 1852 1270 1941; baseline 0 -22"><span class='ocrx_word' id='word_1_144' title='bbox 209 1877 316 1941; x_wconf 86' lang='lat' dir='ltr'>quam,</span> <span class='ocrx_word' id='word_1_145' title='bbox 331 1877 433 1941; x_wconf 91' lang='lat' dir='ltr'>neque</span> <span class='ocrx_word' id='word_1_146' title='bbox 448 1852 607 1918; x_wconf 92' lang='lat' dir='ltr'>clientium</span> <span class='ocrx_word' id='word_1_147' title='bbox 622 1853 718 1918; x_wconf 86' lang='lat' dir='ltr'>Sullae</span> <span class='ocrx_word' id='word_1_148' title='bbox 729 1854 877 1941; x_wconf 85' lang='lat' dir='ltr'>agnitus:</span> <span class='ocrx_word' id='word_1_149' title='bbox 900 1856 1097 1941; x_wconf 88' lang='lat' dir='ltr'>maximeque</span> <span class='ocrx_word' id='word_1_150' title='bbox 1115 1855 1270 1941; x_wconf 80' lang='lat' dir='ltr'>despecta,</span> 
     </span>
     <span class='ocr_line' id='line_1_20' title="bbox 209 1938 1269 2026; baseline -0.003 -21"><span class='ocrx_word' id='word_1_151' title='bbox 209 1952 241 2005; x_wconf 89' lang='lat' dir='ltr'>et</span> <span class='ocrx_word' id='word_1_152' title='bbox 267 1938 384 2003; x_wconf 92' lang='lat' dir='ltr'>nullius</span> <span class='ocrx_word' id='word_1_153' title='bbox 408 1939 476 2002; x_wconf 90' lang='lat' dir='ltr'>ausi</span> <span class='ocrx_word' id='word_1_154' title='bbox 501 1962 600 2025; x_wconf 86' lang='lat' dir='ltr'>capax</span> <span class='ocrx_word' id='word_1_155' title='bbox 625 1952 737 2004; x_wconf 87' lang='lat' dir='ltr'>natura</span> <span class='ocrx_word' id='word_1_156' title='bbox 760 1941 840 2026; x_wconf 87' lang='lat' dir='ltr'>ejus,</span> <span class='ocrx_word' id='word_1_157' title='bbox 864 1964 884 2003; x_wconf 86' lang='lat' dir='ltr'>a</span> <span class='ocrx_word' id='word_1_158' title='bbox 907 1940 1035 2004; x_wconf 90' lang='lat' dir='ltr'>crimine</span> <span class='ocrx_word' id='word_1_159' title='bbox 1050 1941 1269 2004; x_wconf 84' lang='lat' dir='ltr'>abhorrebat:</span> 
     </span>
     <span class='ocr_line' id='line_1_21' title="bbox 209 2023 1272 2111; baseline 0 -24"><span class='ocrx_word' id='word_1_160' title='bbox 209 2023 338 2111; x_wconf 90' lang='lat' dir='ltr'>perinde</span> <span class='ocrx_word' id='word_1_161' title='bbox 357 2036 471 2102; x_wconf 87' lang='lat' dir='ltr'>tamen,</span> <span class='ocrx_word' id='word_1_162' title='bbox 487 2024 576 2111; x_wconf 90' lang='lat' dir='ltr'>quasi</span> <span class='ocrx_word' id='word_1_163' title='bbox 595 2024 753 2089; x_wconf 90' lang='lat' dir='ltr'>convictus</span> <span class='ocrx_word' id='word_1_164' title='bbox 773 2038 863 2104; x_wconf 90' lang='lat' dir='ltr'>esset,</span> <span class='ocrx_word' id='word_1_165' title='bbox 881 2026 990 2090; x_wconf 90' lang='lat' dir='ltr'>cedere</span> <span class='ocrx_word' id='word_1_166' title='bbox 1008 2025 1120 2111; x_wconf 86' lang='lat' dir='ltr'>patria,</span> <span class='ocrx_word' id='word_1_167' title='bbox 1135 2039 1167 2088; x_wconf 92' lang='lat' dir='ltr'>et</span> <span class='ocrx_word' id='word_1_168' title='bbox 1184 2027 1272 2088; x_wconf 67' lang='lat' dir='ltr'>Mas</span> 
     </span>
    </p>
   </div>
   <div class='ocr_carea' id='block_1_5' title="bbox 208 2108 1271 2368">
    <p class='ocr_par' dir='ltr' id='par_1_5' title="bbox 208 2108 1271 2368">
     <span class='ocr_line' id='line_1_22' title="bbox 208 2108 1138 2175; baseline 0 -2"><span class='ocrx_word' id='word_1_169' title='bbox 208 2108 377 2174; x_wconf 84' lang='lat' dir='ltr'>siliensium</span> <span class='ocrx_word' id='word_1_170' title='bbox 390 2110 546 2174; x_wconf 88' lang='lat' dir='ltr'>moenibus</span> <span class='ocrx_word' id='word_1_171' title='bbox 560 2110 691 2173; x_wconf 89' lang='lat' dir='ltr'>coerceri</span> <span class='ocrx_word' id='word_1_172' title='bbox 717 2110 841 2175; x_wconf 91' lang='lat' dir='ltr'>ubetur.</span> <span class='ocrx_word' id='word_1_173' title='bbox 890 2159 894 2165; x_wconf 86' lang='lat'>.</span> <span class='ocrx_word' id='word_1_174' title='bbox 1132 2158 1138 2167; x_wconf 85' lang='lat'>.</span> 
     </span>
     <span class='ocr_line' id='line_1_23' title="bbox 252 2134 1271 2282; baseline 0.001 -23"><span class='ocrx_word' id='word_1_175' title='bbox 252 2196 424 2260; x_wconf 87' lang='lat' dir='ltr'>XLVIII.</span> <span class='ocrx_word' id='word_1_176' title='bbox 460 2194 576 2259; x_wconf 90' lang='lat' dir='ltr'>Iisdem</span> <span class='ocrx_word' id='word_1_177' title='bbox 592 2134 781 2260; x_wconf 87' lang='lat' dir='ltr'>Consulibus</span> <span class='ocrx_word' id='word_1_178' title='bbox 797 2196 916 2260; x_wconf 74' lang='lat' dir='ltr'>auditae</span> <span class='ocrx_word' id='word_1_179' title='bbox 930 2195 1174 2261; x_wconf 84' lang='lat' dir='ltr'>Puteolanorum</span> <span class='ocrx_word' id='word_1_180' title='bbox 1188 2198 1271 2282; x_wconf 85' lang='lat' dir='ltr'>lega-</span> 
     </span>
     <span class='ocr_line' id='line_1_24' title="bbox 208 2279 1269 2368; baseline -0.001 -24"><span class='ocrx_word' id='word_1_181' title='bbox 208 2280 317 2361; x_wconf 90' lang='lat' dir='ltr'>tiones,</span> <span class='ocrx_word' id='word_1_182' title='bbox 333 2302 411 2366; x_wconf 87' lang='lat' dir='ltr'>qnas</span> <span class='ocrx_word' id='word_1_183' title='bbox 422 2279 557 2343; x_wconf 89' lang='lat' dir='ltr'>diversas</span> <span class='ocrx_word' id='word_1_184' title='bbox 571 2279 649 2343; x_wconf 90' lang='lat' dir='ltr'>ordo</span> <span class='ocrx_word' id='word_1_185' title='bbox 661 2281 813 2368; x_wconf 91' lang='lat' dir='ltr'>plebsque</span> <span class='ocrx_word' id='word_1_186' title='bbox 826 2282 866 2345; x_wconf 91' lang='lat' dir='ltr'>ad</span> <span class='ocrx_word' id='word_1_187' title='bbox 880 2282 1029 2345; x_wconf 87' lang='lat' dir='ltr'>Senatum</span> <span class='ocrx_word' id='word_1_188' title='bbox 1044 2281 1208 2346; x_wconf 87' lang='lat' dir='ltr'>miserant:</span> <span class='ocrx_word' id='word_1_189' title='bbox 1224 2282 1269 2344; x_wconf 91' lang='lat' dir='ltr'>illi</span> 
     </span>
    </p>
   </div>
   <div class='ocr_carea' id='block_1_6' title="bbox 203 2440 1274 3619">
    <p class='ocr_par' dir='ltr' id='par_1_6' title="bbox 208 2440 1269 2903">
     <span class='ocr_line' id='line_1_25' title="bbox 245 2440 1268 2518; baseline -0.003 -14"><span class='ocrx_word' id='word_1_190' title='bbox 245 2456 288 2504; x_wconf 84' lang='lat' dir='ltr'>Ne</span> <span class='ocrx_word' id='word_1_191' title='bbox 304 2454 332 2502; x_wconf 76' lang='lat' dir='ltr'>tu</span> <span class='ocrx_word' id='word_1_192' title='bbox 348 2453 405 2502; x_wconf 79' lang='lat' dir='ltr'>orbe</span> <span class='ocrx_word' id='word_1_193' title='bbox 421 2453 546 2502; x_wconf 71' lang='lat' dir='ltr'>emautur</span> <span class='ocrx_word' id='word_1_194' title='bbox 559 2452 650 2518; x_wconf 82' lang='lat' dir='ltr'>ageret]</span> <span class='ocrx_word' id='word_1_195' title='bbox 664 2440 729 2502; x_wconf 80' lang='lat' dir='ltr'>¹Gro-</span> <span class='ocrx_word' id='word_1_196' title='bbox 754 2451 881 2516; x_wconf 84' lang='lat' dir='ltr'>probabile,</span> <span class='ocrx_word' id='word_1_197' title='bbox 893 2466 948 2502; x_wconf 88' lang='lat' dir='ltr'>eum</span> <span class='ocrx_word' id='word_1_198' title='bbox 959 2453 1005 2504; x_wconf 82' lang='lat' dir='ltr'>tale</span> <span class='ocrx_word' id='word_1_199' title='bbox 1012 2452 1069 2518; x_wconf 86' lang='lat' dir='ltr'>quid</span> <span class='ocrx_word' id='word_1_200' title='bbox 1080 2470 1164 2503; x_wconf 86' lang='lat' dir='ltr'>ausum</span> <span class='ocrx_word' id='word_1_201' title='bbox 1175 2468 1231 2515; x_wconf 84' lang='lat' dir='ltr'>esse,</span> <span class='ocrx_word' id='word_1_202' title='bbox 1241 2463 1268 2502; x_wconf 84' lang='lat' dir='ltr'>ut</span> 
     </span>
     <span class='ocr_line' id='line_1_26' title="bbox 209 2518 1267 2582; baseline -0.002 -15"><span class='ocrx_word' id='word_1_203' title='bbox 209 2520 256 2567; x_wconf 90' lang='lat' dir='ltr'>tius</span> <span class='ocrx_word' id='word_1_204' title='bbox 267 2518 359 2582; x_wconf 79' lang='lat' dir='ltr'>corrigit</span> <span class='ocrx_word' id='word_1_205' title='bbox 369 2519 482 2566; x_wconf 72' lang='lat' dir='ltr'>amulas:</span> <span class='ocrx_word' id='word_1_206' title='bbox 498 2518 609 2566; x_wconf 86' lang='lat' dir='ltr'>Heinsius</span> <span class='ocrx_word' id='word_1_207' title='bbox 619 2527 726 2580; x_wconf 77' lang='lat' dir='ltr'>augeret.</span> <span class='ocrx_word' id='word_1_208' title='bbox 754 2518 841 2566; x_wconf 83' lang='lat' dir='ltr'>crimen</span> <span class='ocrx_word' id='word_1_209' title='bbox 862 2520 979 2579; x_wconf 89' lang='lat' dir='ltr'>objectum</span> <span class='ocrx_word' id='word_1_210' title='bbox 999 2519 1121 2567; x_wconf 87' lang='lat' dir='ltr'>verisimile</span> <span class='ocrx_word' id='word_1_211' title='bbox 1138 2535 1187 2566; x_wconf 91' lang='lat' dir='ltr'>non</span> <span class='ocrx_word' id='word_1_212' title='bbox 1202 2528 1267 2567; x_wconf 86' lang='lat' dir='ltr'>esset.</span> 
     </span>
     <span class='ocr_line' id='line_1_27' title="bbox 210 2582 1269 2644; baseline 0.002 -14"><span class='ocrx_word' id='word_1_213' title='bbox 210 2582 724 2640; x_wconf 83' lang='lat' dir='ltr'>Illudmelius,sedtemennonnecesssrium.</span> <span class='ocrx_word' id='word_1_214' title='bbox 755 2583 1269 2644; x_wconf 77' lang='lat' dir='ltr'>ItaelegenterellrorrereGiceronietLivio</span> 
     </span>
     <span class='ocr_line' id='line_1_28' title="bbox 209 2646 1267 2709; baseline -0.003 -13"><span class='ocrx_word' id='word_1_215' title='bbox 209 2647 276 2696; x_wconf 72' lang='lat' dir='ltr'>Erre.</span> <span class='ocrx_word' id='word_1_216' title='bbox 310 2646 386 2696; x_wconf 84' lang='lat' dir='ltr'>Grotii</span> <span class='ocrx_word' id='word_1_217' title='bbox 400 2646 556 2705; x_wconf 81' lang='lat' dir='ltr'>conjecturem</span> <span class='ocrx_word' id='word_1_218' title='bbox 570 2648 653 2708; x_wconf 84' lang='lat' dir='ltr'>probet</span> <span class='ocrx_word' id='word_1_219' title='bbox 664 2647 724 2694; x_wconf 89' lang='lat' dir='ltr'>Bro-</span> <span class='ocrx_word' id='word_1_220' title='bbox 753 2646 845 2700; x_wconf 83' lang='lat' dir='ltr'>dicitur,</span> <span class='ocrx_word' id='word_1_221' title='bbox 856 2646 905 2694; x_wconf 81' lang='lat' dir='ltr'>cic.</span> <span class='ocrx_word' id='word_1_222' title='bbox 916 2662 958 2709; x_wconf 91' lang='lat' dir='ltr'>pro</span> <span class='ocrx_word' id='word_1_223' title='bbox 972 2647 1029 2694; x_wconf 80' lang='lat' dir='ltr'>Coel.</span> <span class='ocrx_word' id='word_1_224' title='bbox 1040 2651 1064 2695; x_wconf 78' lang='lat'>4.</span> <span class='ocrx_word' id='word_1_225' title='bbox 1098 2649 1186 2696; x_wconf 79' lang='lat' dir='ltr'>Coeliss</span> <span class='ocrx_word' id='word_1_226' title='bbox 1199 2649 1267 2708; x_wconf 78' lang='lat' dir='ltr'>louge</span> 
     </span>
     <span class='ocr_line' id='line_1_29' title="bbox 209 2709 1266 2771; baseline -0.002 -11"><span class='ocrx_word' id='word_1_227' title='bbox 209 2712 289 2760; x_wconf 84' lang='lat' dir='ltr'>terius.</span> <span class='ocrx_word' id='word_1_228' title='bbox 305 2710 416 2759; x_wconf 84' lang='lat' dir='ltr'>Heinsius</span> <span class='ocrx_word' id='word_1_229' title='bbox 427 2725 494 2757; x_wconf 85' lang='lat' dir='ltr'>suam</span> <span class='ocrx_word' id='word_1_230' title='bbox 505 2725 533 2758; x_wconf 83' lang='lat' dir='ltr'>ex</span> <span class='ocrx_word' id='word_1_231' title='bbox 547 2710 569 2770; x_wconf 94' lang='lat' dir='ltr'>l,</span> <span class='ocrx_word' id='word_1_232' title='bbox 581 2713 620 2758; x_wconf 81' lang='lat'>52.</span> <span class='ocrx_word' id='word_1_233' title='bbox 631 2709 724 2760; x_wconf 85' lang='lat' dir='ltr'>firmare</span> <span class='ocrx_word' id='word_1_234' title='bbox 752 2712 780 2756; x_wconf 77' lang='lat' dir='ltr'>ae</span> <span class='ocrx_word' id='word_1_235' title='bbox 789 2713 835 2757; x_wconf 78' lang='lat' dir='ltr'>ista</span> <span class='ocrx_word' id='word_1_236' title='bbox 843 2713 973 2771; x_wconf 76' lang='lat' dir='ltr'>suspiciose</span> <span class='ocrx_word' id='word_1_237' title='bbox 980 2712 1104 2758; x_wconf 66' lang='lat' dir='ltr'>abliorrere</span> <span class='ocrx_word' id='word_1_238' title='bbox 1110 2713 1182 2759; x_wconf 79' lang='lat' dir='ltr'>debet.</span> <span class='ocrx_word' id='word_1_239' title='bbox 1196 2712 1266 2758; x_wconf 68' lang='lat' dir='ltr'>Erre.</span> 
     </span>
     <span class='ocr_line' id='line_1_30' title="bbox 208 2773 1266 2838; baseline -0.002 -14"><span class='ocrx_word' id='word_1_240' title='bbox 208 2775 306 2832; x_wconf 81' lang='lat' dir='ltr'>laborat,</span> <span class='ocrx_word' id='word_1_241' title='bbox 329 2774 392 2838; x_wconf 87' lang='lat' dir='ltr'>qnod</span> <span class='ocrx_word' id='word_1_242' title='bbox 413 2781 436 2822; x_wconf 89' lang='lat' dir='ltr'>et</span> <span class='ocrx_word' id='word_1_243' title='bbox 458 2773 550 2822; x_wconf 74' lang='lat' dir='ltr'>Gravia</span> <span class='ocrx_word' id='word_1_244' title='bbox 571 2774 677 2838; x_wconf 79' lang='lat' dir='ltr'>placebat</span> <span class='ocrx_word' id='word_1_245' title='bbox 698 2775 723 2822; x_wconf 92' lang='lat' dir='ltr'>in</span> <span class='ocrx_word' id='word_1_246' title='bbox 783 2775 973 2822; x_wconf 69' lang='lat' dir='ltr'>Massiliensium</span> <span class='ocrx_word' id='word_1_247' title='bbox 991 2774 1115 2836; x_wconf 76' lang='lat' dir='ltr'>menibus]</span> <span class='ocrx_word' id='word_1_248' title='bbox 1135 2775 1266 2837; x_wconf 77' lang='lat' dir='ltr'>Relegsndi</span> 
     </span>
     <span class='ocr_line' id='line_1_31' title="bbox 209 2837 1267 2903; baseline -0.001 -15"><span class='ocrx_word' id='word_1_249' title='bbox 209 2839 268 2903; x_wconf 85' lang='lat' dir='ltr'>Syll.</span> <span class='ocrx_word' id='word_1_250' title='bbox 279 2839 361 2887; x_wconf 88' lang='lat' dir='ltr'>Burm.</span> <span class='ocrx_word' id='word_1_251' title='bbox 373 2847 390 2886; x_wconf 84' lang='lat' dir='ltr'>t.</span> <span class='ocrx_word' id='word_1_252' title='bbox 401 2843 425 2885; x_wconf 83' lang='lat'>4.</span> <span class='ocrx_word' id='word_1_253' title='bbox 435 2853 458 2900; x_wconf 88' lang='lat' dir='ltr'>p.</span> <span class='ocrx_word' id='word_1_254' title='bbox 470 2838 525 2892; x_wconf 84' lang='lat'>670.</span> <span class='ocrx_word' id='word_1_255' title='bbox 750 2837 1014 2902; x_wconf 78' lang='lat' dir='ltr'>gennstuncfrequens.</span> <span class='ocrx_word' id='word_1_256' title='bbox 1045 2839 1085 2887; x_wconf 87' lang='lat' dir='ltr'>Sic</span> <span class='ocrx_word' id='word_1_257' title='bbox 1099 2839 1167 2887; x_wconf 83' lang='lat' dir='ltr'>Julia</span> <span class='ocrx_word' id='word_1_258' title='bbox 1181 2839 1267 2902; x_wconf 85' lang='lat' dir='ltr'>oppido</span> 
     </span>
    </p>

    <p class='ocr_par' dir='ltr' id='par_1_7' title="bbox 203 2901 1274 3288">
     <span class='ocr_line' id='line_1_32' title="bbox 242 2901 1265 2966; baseline -0.001 -15"><span class='ocrx_word' id='word_1_259' title='bbox 242 2903 462 2965; x_wconf 59' lang='lat' dir='ltr'>Possumusne]</span> <span class='ocrx_word' id='word_1_260' title='bbox 475 2901 651 2950; x_wconf 84' lang='lat' dir='ltr'>Vertraniusex</span> <span class='ocrx_word' id='word_1_261' title='bbox 662 2903 722 2952; x_wconf 90' lang='lat' dir='ltr'>libro</span> <span class='ocrx_word' id='word_1_262' title='bbox 750 2901 912 2964; x_wconf 70' lang='lat' dir='ltr'>Rheginum</span> <span class='ocrx_word' id='word_1_263' title='bbox 931 2905 961 2949; x_wconf 80' lang='lat' dir='ltr'>ab</span> <span class='ocrx_word' id='word_1_264' title='bbox 980 2903 1091 2966; x_wconf 74' lang='lat' dir='ltr'>Angrrsso</span> <span class='ocrx_word' id='word_1_265' title='bbox 1109 2903 1203 2952; x_wconf 74' lang='grc' dir='ltr'>ὼιιιιι</span> <span class='ocrx_word' id='word_1_266' title='bbox 1226 2904 1265 2950; x_wconf 89' lang='lat' dir='ltr'>Si·</span> 
     </span>
     <span class='ocr_line' id='line_1_33' title="bbox 208 2965 1265 3041; baseline 0 -25"><span class='ocrx_word' id='word_1_267' title='bbox 208 2967 340 3016; x_wconf 83' lang='lat' dir='ltr'>Poutifiesli</span> <span class='ocrx_word' id='word_1_268' title='bbox 353 2967 380 3029; x_wconf 86' lang='lat' dir='ltr'>(i.</span> <span class='ocrx_word' id='word_1_269' title='bbox 391 2981 412 3014; x_wconf 87' lang='lat' dir='ltr'>e.</span> <span class='ocrx_word' id='word_1_270' title='bbox 422 2965 509 3026; x_wconf 84' lang='lat' dir='ltr'>Vstic.)</span> <span class='ocrx_word' id='word_1_271' title='bbox 526 2965 601 3015; x_wconf 73' lang='lat' dir='ltr'>adfert</span> <span class='ocrx_word' id='word_1_272' title='bbox 612 2970 722 3028; x_wconf 76' lang='lat' dir='ltr'>egestatis</span> <span class='ocrx_word' id='word_1_273' title='bbox 749 2966 818 3013; x_wconf 77' lang='lat' dir='ltr'>lmus</span> <span class='ocrx_word' id='word_1_274' title='bbox 826 2981 841 3013; x_wconf 89' lang='grc' dir='ltr'>ιι</span> <span class='ocrx_word' id='word_1_275' title='bbox 848 2965 1265 3041; x_wconf 75' lang='lat' dir='ltr'>NeroneBsriomunidpioApulire:</span> 
     </span>
     <span class='ocr_line' id='line_1_34' title="bbox 209 3029 1274 3158; baseline -0.002 -13"><span class='ocrx_word' id='word_1_276' title='bbox 209 3039 315 3145; x_wconf 53' lang='lat' dir='ltr'>“Vas</span> <span class='ocrx_word' id='word_1_277' title='bbox 335 3091 414 3155; x_wconf 74' lang='lat' dir='ltr'>ssu]</span> <span class='ocrx_word' id='word_1_278' title='bbox 434 3093 459 3142; x_wconf 81' lang='grc' dir='ltr'>ι.</span> <span class='ocrx_word' id='word_1_279' title='bbox 476 3092 565 3144; x_wconf 71' lang='lat' dir='ltr'>cunm</span> <span class='ocrx_word' id='word_1_280' title='bbox 582 3111 603 3149; x_wconf 77' lang='lat' dir='ltr'>a.</span> <span class='ocrx_word' id='word_1_281' title='bbox 619 3095 674 3144; x_wconf 75' lang='lat' dir='ltr'>aar.</span> <span class='ocrx_word' id='word_1_282' title='bbox 690 3095 722 3144; x_wconf 92' lang='lat' dir='ltr'>v.</span> <span class='ocrx_word' id='word_1_283' title='bbox 750 3029 1215 3158; x_wconf 44' lang='lat' dir='ltr'>pqqpaaepfflaaffisaqnam</span> <span class='ocrx_word' id='word_1_284' title='bbox 1234 3033 1274 3137; x_wconf 52' lang='grc' dir='ltr'>ὼ.</span> 
     </span>
     <span class='ocr_line' id='line_1_35' title="bbox 210 3157 1266 3225; baseline 0.001 -17"><span class='ocrx_word' id='word_1_285' title='bbox 210 3161 250 3220; x_wconf 77' lang='lat'>12,</span> <span class='ocrx_word' id='word_1_286' title='bbox 261 3162 301 3208; x_wconf 75' lang='grc'><strong>52.</strong></span> <span class='ocrx_word' id='word_1_287' title='bbox 317 3158 394 3206; x_wconf 85' lang='lat' dir='ltr'>Gener</span> <span class='ocrx_word' id='word_1_288' title='bbox 407 3157 501 3206; x_wconf 80' lang='lat' dir='ltr'>Claudii</span> <span class='ocrx_word' id='word_1_289' title='bbox 515 3157 562 3208; x_wconf 79' lang='lat' dir='ltr'>tuit</span> <span class='ocrx_word' id='word_1_290' title='bbox 575 3175 616 3222; x_wconf 88' lang='lat' dir='ltr'>per</span> <span class='ocrx_word' id='word_1_291' title='bbox 629 3159 723 3223; x_wconf 86' lang='lat' dir='ltr'>nuptias</span> <span class='ocrx_word' id='word_1_292' title='bbox 786 3161 963 3212; x_wconf 76' lang='lat' dir='ltr'>stsdioersas</span> <span class='ocrx_word' id='word_1_293' title='bbox 972 3161 1109 3208; x_wconf 66' lang='lat' dir='ltr'>&amp;seimus</span> <span class='ocrx_word' id='word_1_294' title='bbox 1119 3159 1188 3225; x_wconf 84' lang='lat' dir='ltr'>ordo]</span> <span class='ocrx_word' id='word_1_295' title='bbox 1198 3159 1266 3209; x_wconf 84' lang='lat' dir='ltr'>Certe</span> 
     </span>
     <span class='ocr_line' id='line_1_36' title="bbox 203 3221 1265 3288; baseline -0.001 -15"><span class='ocrx_word' id='word_1_296' title='bbox 203 3223 326 3274; x_wconf 52' lang='lat' dir='ltr'>*Anaua</span> <span class='ocrx_word' id='word_1_297' title='bbox 337 3221 370 3270; x_wconf 84' lang='lat' dir='ltr'>V·</span> <span class='ocrx_word' id='word_1_298' title='bbox 381 3237 401 3270; x_wconf 76' lang='lat' dir='ltr'>c.</span> <span class='ocrx_word' id='word_1_299' title='bbox 411 3223 451 3271; x_wconf 77' lang='grc'><strong>23.</strong></span> <span class='ocrx_word' id='word_1_300' title='bbox 563 3267 567 3272; x_wconf 86' lang='grc'><strong>,</strong></span> <span class='ocrx_word' id='word_1_301' title='bbox 751 3222 875 3270; x_wconf 84' lang='lat' dir='ltr'>delendum</span> <span class='ocrx_word' id='word_1_302' title='bbox 894 3224 919 3270; x_wconf 79' lang='lat' dir='ltr'>sl</span> <span class='ocrx_word' id='word_1_303' title='bbox 936 3225 1081 3284; x_wconf 79' lang='lat' dir='ltr'>Senatorius,</span> <span class='ocrx_word' id='word_1_304' title='bbox 1098 3232 1122 3272; x_wconf 90' lang='lat' dir='ltr'>et</span> <span class='ocrx_word' id='word_1_305' title='bbox 1137 3227 1265 3288; x_wconf 71' lang='lat' dir='ltr'>obsequen</span> 
     </span>
    </p>

    <p class='ocr_par' dir='ltr' id='par_1_8' title="bbox 207 3283 1267 3619">
     <span class='ocr_line' id='line_1_37' title="bbox 240 3283 1267 3352; baseline 0.001 -16"><span class='ocrx_word' id='word_1_306' title='bbox 240 3289 265 3336; x_wconf 79' lang='lat' dir='ltr'><em>A</em></span> <span class='ocrx_word' id='word_1_307' title='bbox 293 3288 387 3336; x_wconf 80' lang='lat' dir='ltr'>Tiberio</span> <span class='ocrx_word' id='word_1_308' title='bbox 408 3285 490 3348; x_wconf 76' lang='lat' dir='ltr'>usqne]</span> <span class='ocrx_word' id='word_1_309' title='bbox 519 3283 595 3336; x_wconf 80' lang='lat' dir='ltr'>Vatia</span> <span class='ocrx_word' id='word_1_310' title='bbox 628 3290 723 3336; x_wconf 74' lang='lat' dir='ltr'>Tiberio</span> <span class='ocrx_word' id='word_1_311' title='bbox 750 3286 808 3335; x_wconf 88' lang='lat' dir='ltr'>dum</span> <span class='ocrx_word' id='word_1_312' title='bbox 821 3287 949 3351; x_wconf 77' lang='lat' dir='ltr'>scriptisid</span> <span class='ocrx_word' id='word_1_313' title='bbox 958 3288 1064 3336; x_wconf 83' lang='lat' dir='ltr'>vocabuli</span> <span class='ocrx_word' id='word_1_314' title='bbox 1078 3303 1126 3336; x_wconf 91' lang='lat' dir='ltr'>non</span> <span class='ocrx_word' id='word_1_315' title='bbox 1140 3303 1267 3352; x_wconf 60' lang='lat' dir='ltr'>moscen-</span> 
     </span>
     <span class='ocr_line' id='line_1_38' title="bbox 208 3349 1267 3424; baseline -0.002 -23"><span class='ocrx_word' id='word_1_316' title='bbox 208 3367 329 3414; x_wconf 80' lang='lat' dir='ltr'>ssosssque</span> <span class='ocrx_word' id='word_1_317' title='bbox 339 3366 369 3400; x_wconf 85' lang='lat' dir='ltr'>ex</span> <span class='ocrx_word' id='word_1_318' title='bbox 379 3363 427 3424; x_wconf 82' lang='lat' dir='ltr'>quo</span> <span class='ocrx_word' id='word_1_319' title='bbox 437 3349 539 3409; x_wconf 83' lang='lat' dir='ltr'>fecerim,</span> <span class='ocrx_word' id='word_1_320' title='bbox 554 3353 722 3401; x_wconf 67' lang='lat' dir='ltr'>Tiberianis:-</span> <span class='ocrx_word' id='word_1_321' title='bbox 749 3350 828 3409; x_wconf 73' lang='lat' dir='ltr'>tibus:</span> <span class='ocrx_word' id='word_1_322' title='bbox 848 3351 912 3414; x_wconf 90' lang='lat' dir='ltr'>quod</span> <span class='ocrx_word' id='word_1_323' title='bbox 927 3351 998 3400; x_wconf 89' lang='lat' dir='ltr'>miror</span> <span class='ocrx_word' id='word_1_324' title='bbox 1013 3350 1038 3400; x_wconf 91' lang='lat' dir='ltr'>in</span> <span class='ocrx_word' id='word_1_325' title='bbox 1054 3367 1096 3401; x_wconf 88' lang='lat' dir='ltr'>noe</span> <span class='ocrx_word' id='word_1_326' title='bbox 1112 3369 1186 3417; x_wconf 88' lang='lat' dir='ltr'>usqne</span> <span class='ocrx_word' id='word_1_327' title='bbox 1200 3352 1267 3414; x_wconf 86' lang='lat' dir='ltr'>judi·</span> 
     </span>
     <span class='ocr_line' id='line_1_39' title="bbox 207 3414 1265 3480; baseline -0.003 -14"><span class='ocrx_word' id='word_1_328' title='bbox 207 3417 345 3480; x_wconf 72' lang='lat' dir='ltr'>quedelets</span> <span class='ocrx_word' id='word_1_329' title='bbox 359 3429 434 3479; x_wconf 78' lang='lat' dir='ltr'>priore</span> <span class='ocrx_word' id='word_1_330' title='bbox 448 3414 614 3478; x_wconf 79' lang='lat' dir='ltr'>praepositione.</span> <span class='ocrx_word' id='word_1_331' title='bbox 646 3418 722 3466; x_wconf 80' lang='lat' dir='ltr'>Iure.</span> <span class='ocrx_word' id='word_1_332' title='bbox 749 3414 812 3464; x_wconf 74' lang='lat' dir='ltr'>dnm</span> <span class='ocrx_word' id='word_1_333' title='bbox 834 3431 883 3464; x_wconf 84' lang='lat' dir='ltr'>esse</span> <span class='ocrx_word' id='word_1_334' title='bbox 910 3416 1017 3464; x_wconf 76' lang='lat' dir='ltr'>disum.</span> <span class='ocrx_word' id='word_1_335' title='bbox 1055 3415 1265 3475; x_wconf 76' lang='lat' dir='ltr'>Quemadmodum</span> 
     </span>
     <span class='ocr_line' id='line_1_40' title="bbox 207 3478 1264 3542; baseline -0.003 -12"><span class='ocrx_word' id='word_1_336' title='bbox 207 3481 322 3530; x_wconf 81' lang='lat' dir='ltr'>Vaticano</span> <span class='ocrx_word' id='word_1_337' title='bbox 336 3479 448 3528; x_wconf 85' lang='lat' dir='ltr'>consentit</span> <span class='ocrx_word' id='word_1_338' title='bbox 464 3479 527 3526; x_wconf 89' lang='lat' dir='ltr'>Flor.</span> <span class='ocrx_word' id='word_1_339' title='bbox 541 3478 628 3541; x_wconf 64' lang='lat' dir='ltr'>tBud)</span> <span class='ocrx_word' id='word_1_340' title='bbox 641 3481 720 3530; x_wconf 73' lang='lat' dir='ltr'>Gudt&#39;.</span> <span class='ocrx_word' id='word_1_341' title='bbox 749 3479 812 3526; x_wconf 91' lang='lat' dir='ltr'>enim</span> <span class='ocrx_word' id='word_1_342' title='bbox 832 3481 916 3528; x_wconf 77' lang='lat' dir='ltr'>Rome</span> <span class='ocrx_word' id='word_1_343' title='bbox 937 3482 994 3527; x_wconf 84' lang='lat' dir='ltr'>orde</span> <span class='ocrx_word' id='word_1_344' title='bbox 1009 3483 1183 3542; x_wconf 67' lang='lat' dir='ltr'>&#39;amplissima</span> <span class='ocrx_word' id='word_1_345' title='bbox 1207 3483 1264 3528; x_wconf 79' lang='lat' dir='ltr'>ordo</span> 
     </span>
     <span class='ocr_line' id='line_1_41' title="bbox 207 3541 1263 3619; baseline -0.002 -24"><span class='ocrx_word' id='word_1_346' title='bbox 207 3547 268 3610; x_wconf 78' lang='lat' dir='ltr'>Agr.</span> <span class='ocrx_word' id='word_1_347' title='bbox 280 3545 316 3594; x_wconf 77' lang='lat' dir='ltr'>ed.</span> <span class='ocrx_word' id='word_1_348' title='bbox 331 3560 366 3619; x_wconf 86' lang='lat' dir='ltr'>pr.</span> <span class='ocrx_word' id='word_1_349' title='bbox 399 3541 474 3605; x_wconf 82' lang='lat' dir='ltr'>Lipsii</span> <span class='ocrx_word' id='word_1_350' title='bbox 489 3543 651 3592; x_wconf 87' lang='lat' dir='ltr'>correctionem</span> <span class='ocrx_word' id='word_1_351' title='bbox 666 3561 720 3594; x_wconf 88' lang='lat' dir='ltr'>cum</span> <span class='ocrx_word' id='word_1_352' title='bbox 740 3544 1263 3605; x_wconf 57' lang='lat' dir='ltr'>mmerammprosmseasicinmuaici-</span> 
     </span>
    </p>
   </div>
   <div class='ocr_carea' id='block_1_7' title="bbox 206 3607 1346 3672">
    <p class='ocr_par' dir='ltr' id='par_1_9' title="bbox 206 3607 1346 3672">
     <span class='ocr_line' id='line_1_42' title="bbox 206 3607 1346 3672; baseline -0.005 -12"><span class='ocrx_word' id='word_1_353' title='bbox 206 3611 444 3660; x_wconf 62' lang='lat' dir='ltr'>romnovroversm</span> <span class='ocrx_word' id='word_1_354' title='bbox 454 3615 519 3670; x_wconf 86' lang='lat' dir='ltr'>puto.</span> <span class='ocrx_word' id='word_1_355' title='bbox 535 3607 596 3656; x_wconf 86' lang='lat' dir='ltr'>Mox</span> <span class='ocrx_word' id='word_1_356' title='bbox 607 3611 720 3658; x_wconf 79' lang='lat' dir='ltr'>Mulvius</span> <span class='ocrx_word' id='word_1_357' title='bbox 748 3607 858 3670; x_wconf 80' lang='lat' dir='ltr'>piisordo</span> <span class='ocrx_word' id='word_1_358' title='bbox 868 3624 977 3671; x_wconf 83' lang='lat' dir='ltr'>ssepepro</span> <span class='ocrx_word' id='word_1_359' title='bbox 985 3607 1263 3672; x_wconf 86' lang='lat' dir='ltr'>Decurionibusponitur.</span> <span class='ocrx_word' id='word_1_360' title='bbox 1341 3645 1346 3650; x_wconf 95' lang='lat'>.</span> 
     </span>
    </p>
   </div>
   <div class='ocr_carea' id='block_1_8' title="bbox 205 3671 1340 4251">
    <p class='ocr_par' dir='ltr' id='par_1_10' title="bbox 205 3671 1340 4186">
     <span class='ocr_line' id='line_1_43' title="bbox 206 3671 1262 3736; baseline -0.002 -14"><span class='ocrx_word' id='word_1_361' title='bbox 206 3691 260 3724; x_wconf 83' lang='lat' dir='ltr'>vera</span> <span class='ocrx_word' id='word_1_362' title='bbox 269 3673 390 3736; x_wconf 83' lang='lat' dir='ltr'>scriptura,</span> <span class='ocrx_word' id='word_1_363' title='bbox 399 3685 447 3718; x_wconf 91' lang='lat' dir='ltr'>non</span> <span class='ocrx_word' id='word_1_364' title='bbox 455 3673 565 3721; x_wconf 74' lang='lat' dir='ltr'>Masius,</span> <span class='ocrx_word' id='word_1_365' title='bbox 575 3673 608 3722; x_wconf 96' lang='lat' dir='ltr'>V.</span> <span class='ocrx_word' id='word_1_366' title='bbox 617 3671 681 3722; x_wconf 82' lang='lat' dir='ltr'>Oort</span> <span class='ocrx_word' id='word_1_367' title='bbox 689 3675 719 3722; x_wconf 80' lang='lat' dir='ltr'>ed</span> <span class='ocrx_word' id='word_1_368' title='bbox 749 3671 847 3719; x_wconf 83' lang='lat' dir='ltr'>Tacitus</span> <span class='ocrx_word' id='word_1_369' title='bbox 855 3672 904 3736; x_wconf 88' lang='lat' dir='ltr'>ipse</span> <span class='ocrx_word' id='word_1_370' title='bbox 913 3673 948 3718; x_wconf 88' lang='lat' dir='ltr'>II.</span> <span class='ocrx_word' id='word_1_371' title='bbox 958 3676 982 3732; x_wconf 81' lang='lat'>2,</span> <span class='ocrx_word' id='word_1_372' title='bbox 995 3674 1034 3721; x_wconf 75' lang='lat'>52.</span> <span class='ocrx_word' id='word_1_373' title='bbox 1050 3675 1167 3721; x_wconf 68' lang='lat' dir='ltr'>Oneratas</span> <span class='ocrx_word' id='word_1_374' title='bbox 1172 3688 1262 3734; x_wconf 70' lang='lat' dir='ltr'>pems-</span> 
     </span>
     <span class='ocr_line' id='line_1_44' title="bbox 207 3736 1340 3797; baseline -0.001 -12"><span class='ocrx_word' id='word_1_375' title='bbox 207 3739 265 3788; x_wconf 85' lang='lat' dir='ltr'>Sall.</span> <span class='ocrx_word' id='word_1_376' title='bbox 282 3737 334 3786; x_wconf 78' lang='lat' dir='ltr'>Cet.</span> <span class='ocrx_word' id='word_1_377' title='bbox 347 3736 386 3782; x_wconf 77' lang='lat'>45.</span> <span class='ocrx_word' id='word_1_378' title='bbox 401 3743 424 3782; x_wconf 86' lang='lat' dir='ltr'>et</span> <span class='ocrx_word' id='word_1_379' title='bbox 455 3752 497 3784; x_wconf 91' lang='lat' dir='ltr'>uos</span> <span class='ocrx_word' id='word_1_380' title='bbox 512 3737 546 3786; x_wconf 91' lang='lat' dir='ltr'>ibi</span> <span class='ocrx_word' id='word_1_381' title='bbox 561 3738 648 3786; x_wconf 80' lang='lat' dir='ltr'>laudat</span> <span class='ocrx_word' id='word_1_382' title='bbox 663 3739 721 3788; x_wconf 85' lang='lat' dir='ltr'>Post</span> <span class='ocrx_word' id='word_1_383' title='bbox 749 3737 811 3783; x_wconf 74' lang='lat' dir='ltr'>stum</span> <span class='ocrx_word' id='word_1_384' title='bbox 826 3751 895 3784; x_wconf 80' lang='lat' dir='ltr'>cares</span> <span class='ocrx_word' id='word_1_385' title='bbox 911 3739 967 3784; x_wconf 83' lang='lat' dir='ltr'>ordo</span> <span class='ocrx_word' id='word_1_386' title='bbox 982 3739 1138 3797; x_wconf 67' lang='lat' dir='ltr'>Mullicensis,</span> <span class='ocrx_word' id='word_1_387' title='bbox 1155 3752 1224 3784; x_wconf 84' lang='lat' dir='ltr'>ormo</span> <span class='ocrx_word' id='word_1_388' title='bbox 1238 3745 1262 3784; x_wconf 81' lang='lat' dir='ltr'>et</span> <span class='ocrx_word' id='word_1_389' title='bbox 1328 3753 1340 3765; x_wconf 81' lang='lat'><em>·</em></span> 
     </span>
     <span class='ocr_line' id='line_1_45' title="bbox 207 3751 1262 3861; baseline -0.005 -9"><span class='ocrx_word' id='word_1_390' title='bbox 207 3803 301 3852; x_wconf 74' lang='lat' dir='ltr'>celebris</span> <span class='ocrx_word' id='word_1_391' title='bbox 316 3814 396 3848; x_wconf 86' lang='lat' dir='ltr'>omnes</span> <span class='ocrx_word' id='word_1_392' title='bbox 411 3751 463 3848; x_wconf 75' lang='lat' dir='ltr'>edd.</span> <span class='ocrx_word' id='word_1_393' title='bbox 480 3800 513 3849; x_wconf 90' lang='lat' dir='ltr'>V.</span> <span class='ocrx_word' id='word_1_394' title='bbox 523 3801 553 3848; x_wconf 83' lang='lat' dir='ltr'>ed</span> <span class='ocrx_word' id='word_1_395' title='bbox 567 3805 590 3861; x_wconf 81' lang='lat'>2,</span> <span class='ocrx_word' id='word_1_396' title='bbox 607 3804 645 3851; x_wconf 84' lang='lat'>88.</span> <span class='ocrx_word' id='word_1_397' title='bbox 662 3813 720 3851; x_wconf 85' lang='lat' dir='ltr'>extr.</span> <span class='ocrx_word' id='word_1_398' title='bbox 743 3802 860 3861; x_wconf 77' lang='lat' dir='ltr'>pecunias</span> <span class='ocrx_word' id='word_1_399' title='bbox 876 3803 996 3861; x_wconf 66' lang='lat' dir='ltr'>auferenda</span> <span class='ocrx_word' id='word_1_400' title='bbox 1028 3802 1171 3850; x_wconf 82' lang='lat' dir='ltr'>Ammianus</span> <span class='ocrx_word' id='word_1_401' title='bbox 1185 3801 1262 3850; x_wconf 85' lang='lat' dir='ltr'>Mare.</span> 
     </span>
     <span class='ocr_line' id='line_1_46' title="bbox 210 3863 1262 3929; baseline -0.006 -11"><span class='ocrx_word' id='word_1_402' title='bbox 210 3869 323 3918; x_wconf 63' lang='lat' dir='ltr'>visuro</span> <span class='ocrx_word' id='word_1_403' title='bbox 333 3865 396 3912; x_wconf 83' lang='lat' dir='ltr'>idem</span> <span class='ocrx_word' id='word_1_404' title='bbox 406 3863 462 3913; x_wconf 90' lang='lat' dir='ltr'>MS.</span> <span class='ocrx_word' id='word_1_405' title='bbox 473 3873 498 3920; x_wconf 82' lang='lat' dir='ltr'>et</span> <span class='ocrx_word' id='word_1_406' title='bbox 511 3865 547 3913; x_wconf 82' lang='lat' dir='ltr'>etl.</span> <span class='ocrx_word' id='word_1_407' title='bbox 562 3881 597 3929; x_wconf 91' lang='lat' dir='ltr'>pr.</span> <span class='ocrx_word' id='word_1_408' title='bbox 629 3867 720 3917; x_wconf 80' lang='lat' dir='ltr'>Eadem</span> <span class='ocrx_word' id='word_1_409' title='bbox 748 3867 790 3924; x_wconf 77' lang='lat'>22,</span> <span class='ocrx_word' id='word_1_410' title='bbox 801 3866 824 3912; x_wconf 89' lang='grc'>9.</span> <span class='ocrx_word' id='word_1_411' title='bbox 854 3866 917 3913; x_wconf 81' lang='lat' dir='ltr'>Ordo</span> <span class='ocrx_word' id='word_1_412' title='bbox 928 3869 1035 3926; x_wconf 80' lang='lat' dir='ltr'>squalens</span> <span class='ocrx_word' id='word_1_413' title='bbox 1045 3869 1262 3927; x_wconf 76' lang='lat' dir='ltr'>occurritetpopu-</span> 
     </span>
     <span class='ocr_line' id='line_1_47' title="bbox 205 3927 1267 3992; baseline -0.004 -10"><span class='ocrx_word' id='word_1_414' title='bbox 205 3947 263 3982; x_wconf 87' lang='lat' dir='ltr'>mox</span> <span class='ocrx_word' id='word_1_415' title='bbox 286 3933 382 3979; x_wconf 82' lang='lat' dir='ltr'>solutus.</span> <span class='ocrx_word' id='word_1_416' title='bbox 422 3927 489 3978; x_wconf 76' lang='lat' dir='ltr'>Eas.</span> <span class='ocrx_word' id='word_1_417' title='bbox 526 3929 718 3978; x_wconf 86' lang='lat' dir='ltr'>Emendationem</span> <span class='ocrx_word' id='word_1_418' title='bbox 747 3929 785 3975; x_wconf 79' lang='lat' dir='ltr'>las</span> <span class='ocrx_word' id='word_1_419' title='bbox 796 3931 898 3976; x_wconf 73' lang='lat' dir='ltr'>nimium</span> <span class='ocrx_word' id='word_1_420' title='bbox 908 3937 1024 3992; x_wconf 77' lang='lat' dir='ltr'>questum</span> <span class='ocrx_word' id='word_1_421' title='bbox 1034 3932 1131 3978; x_wconf 74' lang='lat' dir='ltr'>anselm</span> <span class='ocrx_word' id='word_1_422' title='bbox 1138 3931 1267 3991; x_wconf 65' lang='lat' dir='ltr'>floressia.</span> 
     </span>
     <span class='ocr_line' id='line_1_48' title="bbox 206 3992 1259 4060; baseline -0.004 -16"><span class='ocrx_word' id='word_1_423' title='bbox 206 3996 282 4060; x_wconf 79' lang='lat' dir='ltr'>In‘psii</span> <span class='ocrx_word' id='word_1_424' title='bbox 296 3997 394 4058; x_wconf 82' lang='lat' dir='ltr'>probant</span> <span class='ocrx_word' id='word_1_425' title='bbox 410 3992 493 4048; x_wconf 77' lang='lat' dir='ltr'>Heius.</span> <span class='ocrx_word' id='word_1_426' title='bbox 508 4002 532 4042; x_wconf 86' lang='lat' dir='ltr'>et</span> <span class='ocrx_word' id='word_1_427' title='bbox 544 3993 599 4058; x_wconf 93' lang='lat' dir='ltr'>Bip.</span> <span class='ocrx_word' id='word_1_428' title='bbox 631 3995 719 4058; x_wconf 88' lang='lat' dir='ltr'>Sequor</span> <span class='ocrx_word' id='word_1_429' title='bbox 747 3995 840 4040; x_wconf 76' lang='lat' dir='ltr'>simus:</span> <span class='ocrx_word' id='word_1_430' title='bbox 850 3993 880 4040; x_wconf 85' lang='lat' dir='ltr'>de</span> <span class='ocrx_word' id='word_1_431' title='bbox 891 3993 1112 4044; x_wconf 82' lang='lat' dir='ltr'>Nicomediensibus.</span> <span class='ocrx_word' id='word_1_432' title='bbox 1139 3994 1206 4042; x_wconf 83' lang='lat' dir='ltr'>Idem</span> <span class='ocrx_word' id='word_1_433' title='bbox 1219 3997 1259 4052; x_wconf 77' lang='lat'>25,</span> 
     </span>
     <span class='ocr_line' id='line_1_49' title="bbox 205 4057 1261 4123; baseline -0.002 -13"><span class='ocrx_word' id='word_1_434' title='bbox 205 4069 229 4110; x_wconf 88' lang='lat' dir='ltr'>et</span> <span class='ocrx_word' id='word_1_435' title='bbox 241 4075 291 4123; x_wconf 76' lang='lat' dir='ltr'>ego.</span> <span class='ocrx_word' id='word_1_436' title='bbox 323 4058 362 4106; x_wconf 87' lang='lat' dir='ltr'>Sic</span> <span class='ocrx_word' id='word_1_437' title='bbox 372 4064 396 4106; x_wconf 89' lang='lat' dir='ltr'>et</span> <span class='ocrx_word' id='word_1_438' title='bbox 408 4057 447 4115; x_wconf 83' lang='lat'>15,</span> <span class='ocrx_word' id='word_1_439' title='bbox 457 4059 497 4114; x_wconf 84' lang='grc'><strong>37.</strong></span> <span class='ocrx_word' id='word_1_440' title='bbox 510 4060 604 4107; x_wconf 79' lang='lat' dir='ltr'>Oceano</span> <span class='ocrx_word' id='word_1_441' title='bbox 614 4061 720 4120; x_wconf 80' lang='lat' dir='ltr'>abasque.</span> <span class='ocrx_word' id='word_1_442' title='bbox 747 4063 772 4104; x_wconf 87' lang='lat'>9.</span> <span class='ocrx_word' id='word_1_443' title='bbox 803 4059 839 4104; x_wconf 75' lang='lat' dir='ltr'>nt</span> <span class='ocrx_word' id='word_1_444' title='bbox 848 4058 890 4104; x_wconf 76' lang='lat' dir='ltr'>hoc</span> <span class='ocrx_word' id='word_1_445' title='bbox 905 4060 998 4118; x_wconf 75' lang='lat' dir='ltr'>quidem</span> <span class='ocrx_word' id='word_1_446' title='bbox 1013 4061 1151 4120; x_wconf 72' lang='lat' dir='ltr'>suppliciter</span> <span class='ocrx_word' id='word_1_447' title='bbox 1166 4061 1223 4106; x_wconf 72' lang='lat' dir='ltr'>mdo</span> <span class='ocrx_word' id='word_1_448' title='bbox 1237 4067 1261 4109; x_wconf 79' lang='lat' dir='ltr'>et</span> 
     </span>
     <span class='ocr_line' id='line_1_50' title="bbox 206 4121 1261 4186; baseline 0 -14"><span class='ocrx_word' id='word_1_449' title='bbox 206 4124 264 4172; x_wconf 86' lang='lat' dir='ltr'>Cod.</span> <span class='ocrx_word' id='word_1_450' title='bbox 274 4124 335 4186; x_wconf 81' lang='lat' dir='ltr'>Agr.</span> <span class='ocrx_word' id='word_1_451' title='bbox 345 4122 464 4170; x_wconf 79' lang='lat' dir='ltr'>Mulvias.</span> <span class='ocrx_word' id='word_1_452' title='bbox 497 4123 561 4171; x_wconf 88' lang='lat' dir='ltr'>Bud.</span> <span class='ocrx_word' id='word_1_453' title='bbox 574 4125 686 4172; x_wconf 74' lang='lat' dir='ltr'>Salutius.</span> <span class='ocrx_word' id='word_1_454' title='bbox 741 4123 999 4183; x_wconf 75' lang='lat' dir='ltr'>populusprscalotur.</span> <span class='ocrx_word' id='word_1_455' title='bbox 1032 4121 1094 4171; x_wconf 84' lang='lat' dir='ltr'>Vide</span> <span class='ocrx_word' id='word_1_456' title='bbox 1106 4124 1207 4172; x_wconf 85' lang='lat' dir='ltr'>indicem</span> <span class='ocrx_word' id='word_1_457' title='bbox 1218 4124 1261 4172; x_wconf 88' lang='lat' dir='ltr'>In-</span> 
     </span>
    </p>

    <p class='ocr_par' dir='ltr' id='par_1_11' title="bbox 238 4185 1261 4251">
     <span class='ocr_line' id='line_1_51' title="bbox 238 4185 1261 4251; baseline 0.001 -15"><span class='ocrx_word' id='word_1_458' title='bbox 238 4190 393 4249; x_wconf 62' lang='lat' dir='ltr'>Maximeque</span> <span class='ocrx_word' id='word_1_459' title='bbox 408 4186 524 4250; x_wconf 81' lang='lat' dir='ltr'>despecte]</span> <span class='ocrx_word' id='word_1_460' title='bbox 542 4188 656 4251; x_wconf 86' lang='lat' dir='ltr'>Copulsm</span> <span class='ocrx_word' id='word_1_461' title='bbox 673 4202 718 4249; x_wconf 78' lang='lat' dir='ltr'>que</span> <span class='ocrx_word' id='word_1_462' title='bbox 745 4187 821 4249; x_wconf 83' lang='lat' dir='ltr'>script.</span> <span class='ocrx_word' id='word_1_463' title='bbox 832 4185 900 4233; x_wconf 86' lang='lat' dir='ltr'>Grut.</span> <span class='ocrx_word' id='word_1_464' title='bbox 911 4201 961 4250; x_wconf 84' lang='lat' dir='ltr'>cap.</span> <span class='ocrx_word' id='word_1_465' title='bbox 971 4189 994 4235; x_wconf 83' lang='lat'>9.</span> <span class='ocrx_word' id='word_1_466' title='bbox 1014 4187 1098 4235; x_wconf 78' lang='lat' dir='ltr'>Geor.</span> <span class='ocrx_word' id='word_1_467' title='bbox 1116 4187 1261 4237; x_wconf 68' lang='lat' dir='ltr'>Rectisdme.</span> 
     </span>
    </p>
   </div>
   <div class='ocr_carea' id='block_1_9' title="bbox 96 4227 1260 4315">
    <p class='ocr_par' dir='ltr' id='par_1_12' title="bbox 96 4227 1260 4315">
     <span class='ocr_line' id='line_1_52' title="bbox 96 4227 1260 4315; baseline 0 -14"><span class='ocrx_word' id='word_1_468' title='bbox 96 4227 102 4248; x_wconf 60' lang='lat'>‘</span> <span class='ocrx_word' id='word_1_469' title='bbox 205 4251 717 4315; x_wconf 62' lang='lat' dir='ltr'>arroeaaesuarrcnenaquaeatanm</span> <span class='ocrx_word' id='word_1_470' title='bbox 746 4249 876 4297; x_wconf 75' lang='lat' dir='ltr'>nonenim</span> <span class='ocrx_word' id='word_1_471' title='bbox 886 4251 1260 4315; x_wconf 65' lang='lat' dir='ltr'>atnnssnorrussgr.</span> 
     </span>
    </p>
   </div>
   <div class='ocr_carea' id='block_1_10' title="bbox 204 4313 1259 4442">
    <p class='ocr_par' dir='ltr' id='par_1_13' title="bbox 204 4313 1259 4442">
     <span class='ocr_line' id='line_1_53' title="bbox 204 4313 1259 4380; baseline 0.002 -16"><span class='ocrx_word' id='word_1_472' title='bbox 204 4317 230 4364; x_wconf 89' lang='lat' dir='ltr'>in</span> <span class='ocrx_word' id='word_1_473' title='bbox 242 4315 320 4364; x_wconf 82' lang='lat' dir='ltr'>Guelf.</span> <span class='ocrx_word' id='word_1_474' title='bbox 331 4324 354 4364; x_wconf 84' lang='lat' dir='ltr'>et</span> <span class='ocrx_word' id='word_1_475' title='bbox 364 4315 400 4363; x_wconf 84' lang='lat' dir='ltr'>ed.</span> <span class='ocrx_word' id='word_1_476' title='bbox 410 4333 445 4380; x_wconf 93' lang='lat' dir='ltr'>pr.</span> <span class='ocrx_word' id='word_1_477' title='bbox 464 4318 488 4364; x_wconf 77' lang='lat' dir='ltr'><em>A</em></span> <span class='ocrx_word' id='word_1_478' title='bbox 500 4318 599 4364; x_wconf 78' lang='lat' dir='ltr'>erimine</span> <span class='ocrx_word' id='word_1_479' title='bbox 609 4317 715 4363; x_wconf 76' lang='lat' dir='ltr'>abhorre-</span> <span class='ocrx_word' id='word_1_480' title='bbox 745 4313 823 4377; x_wconf 83' lang='lat' dir='ltr'>ed.pr.</span> <span class='ocrx_word' id='word_1_481' title='bbox 834 4313 1067 4364; x_wconf 81' lang='lat' dir='ltr'>Estsdditamentum</span> <span class='ocrx_word' id='word_1_482' title='bbox 1072 4317 1204 4377; x_wconf 82' lang='lat' dir='ltr'>Puteolani,</span> <span class='ocrx_word' id='word_1_483' title='bbox 1210 4332 1259 4367; x_wconf 85' lang='lat' dir='ltr'>non</span> 
     </span>
     <span class='ocr_line' id='line_1_54' title="bbox 207 4377 1258 4442; baseline 0.002 -14"><span class='ocrx_word' id='word_1_484' title='bbox 207 4381 245 4428; x_wconf 72' lang='lat' dir='ltr'>aas</span> <span class='ocrx_word' id='word_1_485' title='bbox 260 4387 303 4439; x_wconf 86' lang='lat' dir='ltr'>est,</span> <span class='ocrx_word' id='word_1_486' title='bbox 315 4387 363 4428; x_wconf 89' lang='lat' dir='ltr'>erst</span> <span class='ocrx_word' id='word_1_487' title='bbox 373 4379 496 4442; x_wconf 84' lang='lat' dir='ltr'>ejusmodi,</span> <span class='ocrx_word' id='word_1_488' title='bbox 507 4388 591 4428; x_wconf 88' lang='lat' dir='ltr'>utnon</span> <span class='ocrx_word' id='word_1_489' title='bbox 603 4379 718 4428; x_wconf 85' lang='lat' dir='ltr'>videretur</span> <span class='ocrx_word' id='word_1_490' title='bbox 745 4377 921 4437; x_wconf 83' lang='lat' dir='ltr'>Berosldinum,</span> <span class='ocrx_word' id='word_1_491' title='bbox 939 4388 967 4428; x_wconf 85' lang='lat' dir='ltr'>ut</span> <span class='ocrx_word' id='word_1_492' title='bbox 984 4382 1011 4430; x_wconf 81' lang='lat' dir='ltr'>J.</span> <span class='ocrx_word' id='word_1_493' title='bbox 1030 4381 1103 4430; x_wconf 74' lang='lat' dir='ltr'>Gron-</span> <span class='ocrx_word' id='word_1_494' title='bbox 1118 4390 1201 4439; x_wconf 75' lang='lat' dir='ltr'>voest:</span> <span class='ocrx_word' id='word_1_495' title='bbox 1218 4380 1258 4430; x_wconf 80' lang='lat' dir='ltr'>sed</span> 
     </span>
    </p>
   </div>
   <div class='ocr_carea' id='block_1_11' title="bbox 0 0 1526 4950">
    <p class='ocr_par' dir='ltr' id='par_1_14' title="bbox 0 0 1526 4950">
     <span class='ocr_line' id='line_1_55' title="bbox 0 0 1526 4950; baseline 0 4"><span class='ocrx_word' id='word_1_496' title='bbox 0 0 1526 4950; x_wconf 95' lang='lat' dir='ltr'> </span> 
     </span>
    </p>
   </div>
  </div>
 </body>
</html>
