3042 4950
262 252 416 329 assa]
625 252 702 311 mn.
725 250 810 313 xur.
830 250 914 311 car.
933 254 981 313 35.
1147 290 1152 297 ,
1277 252 1330 309 res

261 434 380 499 nosque
396 409 437 477 de
454 412 623 479 obtinenda
636 411 788 477 Armenia
807 413 924 480 bellum
946 410 1056 481 aeriter
1076 412 1230 481 sumitur:
1251 411 1330 497 qnia

261 521 318 563 nec
343 497 508 585 Vologeses
528 498 647 564 sinebat
663 498 792 561 fratrem
807 496 972 565 Tiridaten
992 496 1057 561 dati
1073 520 1093 561 a
1114 521 1147 561 se
1165 497 1255 583 regni
1274 520 1327 561 ex-

262 596 382 671 pertem
397 587 472 661 esse,
492 596 548 647 aut
565 582 673 647 alienae
687 582 720 647 id
739 581 887 669 potentiae
906 582 1026 647 donum
1046 582 1179 646 babere:
1202 594 1235 645 et
1249 586 1328 647 Cor-

259 668 336 735 bulo
349 667 381 730 di
427 690 482 731 um
496 668 711 755 magnitudine
727 669 843 756 Populi
856 667 992 734 Romani
1000 667 1137 744 rebatur,
1146 680 1242 764 parta
1251 667 1328 735 obm

261 779 281 818 a
295 753 388 817 Lueu
399 752 431 817 lo
446 755 661 840 Pompeioque
674 754 819 841 recipere.
863 754 919 819 Ad
933 754 1000 818 baeo
1013 751 1167 829 Armenir,
1181 752 1329 837 ambigua

262 840 336 917 fide,
351 852 404 904 utr
445 862 485 902 ue
499 862 587 903 arma
599 838 782 917 invitabant,
797 841 859 905 situ
873 854 1037 917 terrarum,
1050 836 1249 902 similitudine
1262 859 1331 902 mo-

260 947 333 988 rum
355 926 433 989 Part
455 923 482 987 is
502 923 672 1010 propiores,
695 925 920 1011 connubiisque
940 923 1099 1012 permixti,
1115 946 1163 1001 aa,
1186 921 1330 989 libertate

263 1009 381 1096 ignota,
395 1008 471 1075 illuc
484 1010 583 1095 magis
593 1010 635 1074 ad
649 1009 809 1075 servitium
822 1010 1014 1078 inclinantes.

244 1111 250 1115 ·
308 1096 454 1161 XXXV.
473 1095 536 1160 Sed
547 1094 720 1159 Corbuloni
733 1093 806 1181 plus
818 1094 908 1158 molis
922 1095 1071 1168 adversus
1084 1095 1241 1181 ignaviam
1252 1093 1332 1160 mili-

264 1194 343 1258 tum,
369 1202 464 1266 quarn
489 1190 597 1243 eontra
624 1179 788 1266 perfidiam
816 1179 953 1245 bostium
977 1193 1061 1243 erat:
1097 1181 1216 1267 quippe
1237 1181 1330 1266 Syria

262 1277 442 1332 transmotae
460 1264 607 1350 legiones,
633 1286 709 1351 pace
729 1264 825 1350 longa
843 1288 962 1351 segnes,
985 1264 1094 1329 munia
1113 1268 1330 1334 Romanorum

263 1350 423 1436 aegerrime
438 1348 621 1429 tolerabant.
655 1350 738 1415 Satis
752 1349 901 1427 constitit,
915 1350 1013 1415 fuisse
1025 1348 1058 1413 in
1073 1371 1111 1411 eo
1125 1350 1264 1414 exerdtu
1278 1374 1331 1414 ve-

263 1450 397 1513 teranos,
412 1434 467 1521 qui
483 1458 546 1501 non
567 1436 741 1513 stationem,
756 1458 820 1501 non
834 1434 956 1521 vigilias
968 1435 1113 1499 inissent:
1136 1433 1254 1499 vallum
1268 1436 1331 1497 sos-

265 1544 407 1620 samque,
420 1521 510 1610 quasi
524 1544 605 1585 nova
618 1534 650 1587 et
659 1521 749 1599 mira,
762 1520 896 1589 viserem
907 1546 917 1594 3
941 1520 1007 1584 sine
1020 1517 1127 1605 galeis,
1139 1518 1204 1583 sine
1216 1518 1331 1596 loricis,

263 1606 355 1671 nitidi
370 1620 401 1671 et
415 1606 598 1696 quastutrsi,
608 1604 908 1693 militiaperappida
917 1604 1050 1692 expleta.
1074 1605 1180 1691 Igitur
1190 1603 1334 1681 dimissis,

266 1692 384 1779 quibus
399 1702 521 1757 senecta
529 1705 584 1757 aut
599 1692 745 1757 valetudo
759 1692 891 1759 adversa
902 1704 980 1770 erat,
991 1690 1244 1777 supplementum
1255 1689 1334 1776 peti-

264 1778 330 1842 vit:
353 1790 384 1841 et
403 1776 503 1841 habiti
524 1800 581 1863 per
602 1776 761 1841 Galatiam
785 1800 822 1841 ae
842 1776 1073 1874 Cappadociam
1098 1774 1257 1841 delectus:
1279 1774 1335 1840 ad·

262 1864 409 1951 jestaque
422 1885 462 1925 ex
478 1862 647 1927 Germania
660 1861 752 1949 legin,
768 1885 840 1927 eum
854 1862 1012 1947 eqmtibus
1023 1860 1136 1938 alarin,
1149 1872 1181 1924 et
1191 1860 1334 1947 peditatu

266 1948 461 2013 cohortium:
478 1961 679 2033 retentusque
690 1945 790 2013 omnis
801 1947 955 2012 exercitus
964 1947 1023 2010 sub
1058 1946 1178 2023 llibus,
1189 1944 1334 2031 quamvis
1349 1977 1351 1981 v

265 2034 367 2097 hieme
382 2056 466 2097 saeva
479 2033 568 2113 adeo,
591 2045 627 2097 ut
646 2032 783 2096 obducta
801 2031 911 2117 glaeie,
931 2032 990 2095 nisi
1004 1970 1114 2097 edissa
1127 2031 1253 2107 humus,
1268 2043 1337 2094 teu-

267 2119 353 2183 toriis
367 2116 470 2181 locum
485 2140 547 2181 non
563 2118 723 2214 praeberet.
769 2115 920 2181 Ambusti
936 2115 1108 2181 multorum
1129 2129 1216 2177 artus
1234 2114 1266 2177 vi
1279 2115 1335 2177 fri-

266 2202 360 2289 goris,
375 2213 407 2265 et
421 2201 551 2287 quidam
570 2212 651 2265 luter
665 2200 814 2265 exsulias
828 2200 994 2265 exanimati
1009 2212 1090 2263 suat.
1135 2203 1332 2264 Annotatus-

265 2311 328 2375 que
342 2284 439 2365 miles,
458 2288 514 2373 qui
527 2286 643 2351 fascem
656 2284 814 2372 lignorum
827 2286 980 2383 gestabat,
998 2284 1042 2348 ita
1059 2284 1257 2371 praeriguisse
1271 2308 1336 2347 ma-

185 2380 187 2385 ’
266 2396 337 2452 nus,
358 2386 395 2436 ut
413 2372 499 2436 oneri
520 2372 722 2451 adhaerentes,
745 2385 863 2433 truncrs
880 2368 1012 2435 brachiis
1035 2368 1220 2433 deciderent.
1263 2369 1337 2455 Ipse

268 2458 357 2524 cultu
374 2456 446 2536 levi,
466 2456 711 2544 capite'intecto,
734 2456 766 2519 in
789 2455 922 2542 agmine,
945 2455 977 2518 in
998 2453 1168 2533 laboribus,
1188 2454 1336 2541 frequens

267 2545 394 2608 adesse:
417 2543 543 2606 laudem
558 2542 701 2621 strenuis,
717 2541 861 2605 solatium
875 2539 1029 2618 invalidis,
1043 2540 1221 2625 exemplum
1235 2539 1335 2605 omni·

299 2741 365 2788 Illac
381 2736 471 2800 magis]
490 2737 529 2786 Sia
549 2737 585 2786 ed.
607 2752 641 2800 pr.
663 2743 790 2800 amaraque
818 2738 972 2792 ainamma,
989 2733 1163 2795 instantii.
1195 2733 1340 2784 camma

269 2818 361 2851 onmes:
391 2803 469 2850 unes.
490 2804 541 2849 illie
561 2802 670 2859 malebat,
695 2799 789 2862 laipn'us
820 2800 984 2856 maantam.

269 2869 335 2916 illud.
368 2868 448 2915 Immo
465 2868 522 2913 illua
538 2881 619 2914 varum
634 2873 676 2912 est.
708 2866 788 2912 Illuc:
852 2867 895 2912 ua
911 2864 1068 2925 praeriguisse
1092 2861 1187 2924 manaa]
1211 2863 1339 2925 signifieat,

269 2931 421 2990 adPartbos,
431 2931 476 2980 hoe
484 2939 526 2989 ast,
538 2931 711 2978 adaervtttum.
743 2927 790 2976 Sed
820 2929 883 2991 ipsas
900 2941 993 2986 manus,
1014 2926 1100 2990 frigore
1115 2936 1273 2989 promarum,
1292 2942 1341 2975 una

269 2997 354 3043 autad
370 2996 496 3043 savinam
511 2995 616 3058 spurium
633 3001 676 3052 est,
695 3000 736 3040 aut
748 2991 791 3039 ad·
821 3006 876 3040 eum
888 2991 949 3039 fasee
964 2991 1083 3039 devolutas
1097 2991 1134 3038 vel
1150 2993 1257 3052 abjectas.
1290 2992 1341 3039 Ne·

270 3059 373 3106 dandum
385 3066 416 3120 at,
428 3059 465 3108 vel
475 3060 549 3120 adque
559 3056 691 3121 legendum.
718 3055 791 3104 Eun.
821 3063 863 3119 gat
883 3063 924 3102 aut
944 3055 1005 3102 ridet
1025 3056 1061 3103 vir
1075 3053 1186 3118 quidun,
1206 3055 1296 3118 seriptis
1318 3065 1342 3102 at
1413 3109 1416 3119 ,

271 3123 409 3172 Budtllac.
448 3163 450 3168 ,
821 3119 1008 3183 gmoeanomlis,
1026 3120 1113 3182 (Mirb.
1129 3119 1341 3177 Montanus)on

304 3189 395 3234 Mania
410 3186 584 3251 Ranisstorum]
601 3184 707 3233 Freinsh.
718 3184 791 3234 norri-
822 3182 882 3230 mibi
897 3183 957 3233 sario
971 3183 1031 3231 inter
1046 3183 1139 3232 amians.
1172 3183 1250 3246 Atqui
1259 3191 1283 3231 et
1293 3183 1342 3231 Dio

271 3251 306 3313 git
315 3266 456 3298 armorum:
467 3253 595 3314 probatque
606 3249 719 3312 Ryclrius.
729 3248 793 3298 ,Jaa
823 3256 888 3296 notat
895 3246 968 3294 inillo
978 3247 1204 3308 tracturimfrigmis
1211 3262 1276 3304 esae;
1288 3248 1341 3310 (49,

271 3315 403 3364 moneam
421 3323 489 3376 putat
508 3315 578 3361 fuisse
596 3315 642 3362 Ra,
659 3327 790 3370 armorum,
822 3310 1061 3369 31.aetisa.718.)et
1070 3312 1178 3361 Annales
1189 3311 1289 3370 Taisiai,
1300 3314 1343 3374 (ex

270 3379 324 3426 inde
336 3379 422 3426 laetum
434 3381 603 3426 Rootanoram.
636 3379 743 3436 Militia,
754 3377 793 3422 at.
823 3391 881 3424 vera.
900 3375 1036 3425 Leunelavii
1052 3375 1083 3422 ad
1098 3390 1119 3422 a.
1132 3389 1190 3434 mox
1205 3374 1256 3436 eit.)
1268 3390 1342 3436 supra

270 3444 590 3518 seiplfflsapenliomoaa,
609 3457 670 3504 seps
686 3439 793 3498 oecurrit,
827 3441 963 3486 Treuero»
984 3440 1136 3486 Selaimauat.
1161 3441 1256 3498 mutto,
1288 3453 1343 3484 eram

271 3515 400 3630 m,
411 3505 563 3618 titt
576 3521 686 3617 “itm
698 3504 793 3631 liiii
819 3505 927 3630 5}th
937 3504 1344 3627 mititiam

272 3635 362 3682 militia
371 3636 496 3683 mucium
504 3636 613 3694 graecari.
644 3635 717 3685 Euri.
815 3634 965 3678 umuteraat.
997 3631 1051 3678 Hoe
1065 3638 1144 3676 nostro
1158 3630 1308 3678 aevofaeunn
1322 3646 1344 3677 a.

294 3695 392 3746 'Natta
402 3705 425 3746 et
436 3699 573 3760 qrtoeetwat]
586 3697 665 3745 comti
680 3706 704 3744 et
719 3694 794 3742 ornati
826 3696 896 3744 1535.
911 3709 988 3757 neque
1002 3693 1074 3756 igitur
1089 3692 1123 3740 sie
1135 3692 1269 3742 mirandum
1283 3695 1344 3741 illud

271 3777 336 3810 more
353 3765 496 3810 urbanorum
513 3769 536 3809 et
551 3761 701 3808 molliorum:
718 3773 793 3822 quan-
826 3758 911 3814 Taciti,
927 3767 968 3804 aut
980 3757 1112 3806 ridendum.
1144 3757 1205 3817 Seio,
1222 3768 1271 3805 eta
1285 3773 1345 3822 gna-

272 3841 344 3889 quam
361 3826 439 3874 Casas
454 3826 527 3874 ¹etiarn
545 3839 600 3872 suos
619 3825 704 3872 milites
718 3825 793 3869 nitere
824 3821 857 3870 ria
876 3821 963 3870 similia
982 3829 1025 3870 aut
1046 3822 1137 3881 majora
1160 3822 1238 3876 ossen,
1259 3821 1344 3884 quiin

272 3891 447 3954 posssdicebat
479 3889 543 3937 Dein
554 3888 696 3950 negotiantes
711 3887 736 3932 in
752 3901 795 3948 op·
826 3886 994 3948 Septemtrione
1011 3885 1114 3933 fuerunt.
1157 3883 1232 3933 ers.
1273 3887 1345 3934 Dact-

271 3955 340 4016 pidis,
351 3955 381 4001 de
392 3955 638 4011 mor-eitomanorum,
654 3951 696 4014 qui
705 3951 730 3997 in
741 3965 795 4012 pro·
826 3952 907 3998 darent
922 3949 958 3997 ad.
974 3965 1010 4013 pr.
1025 3949 1102 3997 Rhea.
1113 3951 1139 4010 (e
1151 3949 1226 4010 Bud.)
1242 3957 1266 3997 et
1280 3964 1345 4012 seqq.

273 4019 347 4067 vincia
367 4026 449 4066 essem.
482 4017 543 4064 utox
563 4016 642 4063 Guelf.
661 4016 795 4064 Galatiam-
826 4015 863 4061 At
881 4014 973 4061 Puteol.
986 4015 1041 4061 Ber.
1056 4013 1108 4060 Alc.
1124 4015 1261 4072 reciderent,
1277 4014 1346 4060 male.

273 4098 323 4143 aare.
356 4083 429 4131 Eun.
464 4082 528 4128 mor.
543 4081 668 4128 Galieiam.
702 4077 766 4126 Bud.
781 4094 797 4124 a
828 4079 1108 4139 ceterum‚praertgtasse
1124 4077 1279 4125 nonoobntet
1287 4092 1346 4140 prae-

273 4147 289 4192 l.
309 4163 342 4194 m.
373 4148 495 4195 (lotitiam.
536 4144 608 4190 Gron-
624 4141 707 4192 iorsan
736 4144 798 4190 ciu-
828 4142 971 4199 oadentibua,
1007 4141 1201 4203 scribendumque
1233 4141 1346 4199 videatur,

275 4211 342 4258 dam.
375 4210 421 4258 Sed
432 4226 453 4257 v.
467 4211 506 4266 15,
516 4209 540 4256 6.
828 4213 1018 4267 summotasque,
1035 4207 1117 4264 mviii,
1135 4207 1176 4264 qut
1197 4213 1240 4254 stc.
1256 4205 1300 4252 nisi
1318 4220 1348 4252 ax

305 4277 414 4337 Senecio]
427 4275 489 4322 uror.
499 4281 523 4320 et
534 4272 597 4320 Bud.
608 4279 719 4320 temdus.
828 4276 953 4317 annotatus
978 4269 1101 4330 intelligas,
1128 4276 1235 4316 namium
1258 4276 1293 4316 ast
1316 4271 1347 4326 et,

291 4340 417 4386 -Amtutt
427 4354 459 4384 m.
469 4345 537 4386 artas
548 4336 798 4398 ntfatg.]Siefitgm
828 4333 1043 4397 venimusque:
1061 4331 1125 4396 quod
1141 4347 1197 4398 sane
1211 4332 1294 4382 durim
1306 4341 1351 4380 est.

273 4404 372 4452 adurere
389 4401 473 4451 dicitur
489 4402 557 4466 virg.
574 4402 659 4464 θροις.
679 4403 702 4461 l,
719 4401 759 4456 93.
775 4405 799 4447 et
830 4397 903 4447 Eun.
1160 4463 1182 4524 2
1263 4426 1275 4442 ,
