3042 4950
233 261 292 319 eso
643 252 880 313 anuinium
1128 255 1299 329 [nnsis.

238 432 404 493 mutorum,
422 414 448 481 si
462 436 585 479 caussas
597 414 671 479 belli
685 436 790 481 secum
804 440 842 481 ex
883 416 1024 492 uderent,
1045 414 1229 479 vincendum
1244 414 1299 477 ills

241 505 320 581 acie·
339 500 389 565 vel
412 500 587 567 cadendum
607 524 681 566 esse.
726 502 766 565 Id
789 440 910 568 muliiri
931 500 1137 565 destitutum:
1160 499 1300 566 viverunt

239 587 298 653 viri
312 600 344 651 et
357 585 533 653 servirent?

282 672 448 739 XXXVI.
470 674 521 736 Ne
541 672 708 737 Suetonius
730 672 857 755 quidem
879 671 912 733 in
931 684 1018 734 tanto
1039 670 1212 735 discrimine
1231 668 1300 733 sile-

239 760 314 823 bstt
336 757 403 845 qui,
424 778 614 842 quamquam
629 755 796 821 confideret
809 755 929 833 virtuti,
951 768 1054 819 tomen
1071 754 1298 820 exhortationes

241 859 273 908 et
291 866 396 931 preces
417 842 574 918 miscebat,
601 847 675 903 “ut
691 855 869 926 spernerent
887 862 1010 905 sonores
1029 840 1241 917 barbarorum,
1265 851 1298 903 et

239 929 346 993 inanes
359 929 477 993 minas:
501 924 572 1011 plus
584 924 646 988 illic
656 924 852 1003 feminarum,
868 948 962 1011 quam
972 925 1148 1012 juventutis
1161 924 1295 1012 sdspici:

240 1013 378 1091 inbelles,
388 1015 521 1077 inermes
535 1032 673 1074 cessuros
687 1010 802 1089 statim,
819 1011 873 1075 ubi
884 1012 1002 1074 ferrum
1011 1010 1221 1109 virtutemque
1230 1009 1308 1073 viu--

241 1099 378 1161 oeutium
392 1096 505 1163 totiens
518 1094 581 1159 fusi
654 1095 808 1160 ovissent:
832 1096 924 1159 etiam
945 1097 978 1159 in
1000 1094 1107 1159 multis
1127 1094 1305 1181 legionibus·

240 1205 357 1269 paucos
378 1205 457 1259 esse,
503 1180 536 1243 ui
554 1117 664 1266 prieiii
682 1174 902 1267 profligarent:
927 1181 1098 1267 gloriaeque
1120 1202 1229 1245 eorum
1249 1202 1299 1243 ao·

239 1290 408 1345 cessurum,
421 1288 465 1352 qu
522 1266 643 1331 modica
656 1287 770 1329 manus
781 1266 915 1331 universi
936 1265 1088 1330 exereitus
1100 1265 1216 1330 famem
1230 1264 1298 1327 adi·

262 1354 439 1417 isoereutur.
484 1347 625 1415 Conferti
639 1364 772 1428 tautum,
794 1363 824 1414 et
844 1351 914 1437 pilis
932 1350 1058 1429 emissis,
1072 1364 1143 1437 post
1154 1349 1298 1414 umboni·

238 1376 299 1503 bus
312 1453 343 1503 ct
357 1436 479 1524 gladiis,
494 1445 628 1521 stragem
643 1435 823 1521 wdemque
837 1438 1062 1512 continuarent,
1073 1436 1188 1521 praedae
1202 1435 1299 1499 inme-

188 1542 194 1553 ‘
238 1544 356 1589 mores:
379 1536 470 1607 parta
483 1520 621 1599 victoria,
636 1535 748 1586 cuncte
766 1521 842 1607 ipsis
855 1524 1006 1585 cessura.''
1049 1522 1084 1583 Is
1097 1520 1190 1583 ardor
1203 1519 1300 1582 verba

224 1666 227 1669 .
240 1607 330 1671 dude
343 1606 542 1693 sequebatur,
555 1606 600 1669 ita
619 1630 650 1670 se
664 1606 705 1671 ad
718 1606 927 1692 intorquenda
940 1606 1004 1692 pila
1018 1605 1195 1692 expedierat
1209 1619 1306 1667 vetus·

238 1692 328 1758 miles
337 1703 368 1755 et
377 1692 476 1757 multa
487 1690 666 1777 proeliorum
678 1692 877 1778 experientia,
887 1709 933 1769 ut,
949 1705 1052 1756 certus
1065 1702 1204 1767 eventus,
1221 1692 1298 1753 Sue·

238 1777 345 1846 tonius
357 1776 447 1843 daret
460 1798 578 1862 pugnae
591 1776 725 1861 signum.
1351 1787 1354 1793 '

281 1862 470 1927 XXXVII.
493 1863 544 1925 Ac
559 1862 697 1948 primurn
717 1861 799 1947 legio
819 1862 921 1947 gradu
939 1863 1066 1939 inmota,
1088 1874 1119 1924 et
1139 1858 1308 1947 angustias·

236 1947 296 2011 loci
317 1967 378 2033 pro
396 1946 589 2011 munimento
609 1946 755 2024 retinens,
778 1957 946 2033 postquem
966 1946 1095 2033 propius
1115 1966 1298 2031 suggressus

236 2032 335 2099 hostis
346 2046 432 2097 certo
447 2033 537 2119 jactu
551 2030 612 2095 tela
625 2031 820 2109 exhauserat,
835 2031 921 2096 velut
934 2054 1033 2095 cuneo
1047 2032 1161 2117 erupit.
1206 2029 1298 2094 Idem

239 2117 438 2183 auxiliarium
465 2116 605 2203 inpetus:
636 2128 668 2179 et
690 2138 795 2201 eques,
822 2117 972 2202 protentis
993 2116 1099 2194 bustis,
1121 2113 1298 2211 perfringit,

236 2200 325 2289 thd
338 2202 467 2267 obvium
480 2217 513 2267 et
525 2200 662 2265 validum
677 2216 753 2265 erat.
797 2202 899 2265 Ceteri
920 2213 1007 2287 terga
1025 2202 1197 2287 praebuere,
1214 2199 1297 2265 diffi-

238 2288 290 2351 cili
303 2287 430 2373 effugio,
450 2287 526 2385 quia
543 2286 740 2372 circumjecta
756 2286 899 2351 vehicula
918 2300 1074 2373 sepserant
1093 2286 1204 2352 abitus.
1249 2286 1297 2347 Et

235 2369 324 2436 miles
337 2395 376 2436 ne
389 2371 555 2436 muherum
569 2370 698 2457 quidem
711 2372 780 2434 neci
793 2372 985 2457 temperabat
996 2396 1005 2444 ;
1031 2366 1214 2456 confixaque
1227 2367 1298 2432 telis

270 2557 630 2622 Vtssrerstm'rtetseru.]Bud.
646 2560 750 2605 uiuerent
776 2557 835 2607 libro
857 2567 924 2618 esset,
945 2559 1091 2622 proferrem
1116 2574 1173 2606 nam
1191 2558 1235 2607 ists
1254 2558 1297 2608 ho·

236 2620 400 2673 cestrum.
589 2671 595 2680 ,
703 2677 707 2683 ,
776 2623 1298 2686 ωωοωίωῐεοῧεοᾱυηῐωταηίωἰςᾳυειη-

268 2689 327 2746 Qut,
348 2688 501 2752 quanquam]
522 2687 570 2742 Qus
589 2687 653 2734 obest
673 2685 747 2734 MSS.
780 2701 851 2748 quam
858 2686 914 2734 talis
921 2687 989 2734 etism
996 2687 1130 2738 melioribus
1140 2687 1296 2750 scriptoribus,

205 2769 213 2786 ι
235 2751 296 2816 Reg.
316 2748 402 2814 (Eud)
421 2751 491 2800 corb.
511 2751 547 2798 sd.
563 2763 599 2812 pr.
616 2763 663 2797 non
680 2749 749 2797 male.
779 2750 917 2798 nominatim
938 2749 1014 2808 Livio,
1041 2751 1159 2800 interdum
1185 2751 1295 2800 nudus.

237 2815 310 2865 Etru.
780 2813 851 2861 Eun.
883 2814 1114 2864 Runcmosvrnu.

266 2882 366 2929 Mores
376 2881 451 2943 burt]
463 2877 541 2928 vasis
556 2892 647 2925 mames
657 2873 753 2940 s‘stque
813 2880 919 2940 Propius
928 2893 1070 2940 suggressus
1079 2881 1163 2944 testu]
1175 2880 1297 2928 Gutitudo

235 2942 394 3006 itescdpsime
404 2943 514 2991 Triduum
530 2942 647 3006 pertendo.
673 2941 749 3002 Alibi,
780 2940 1296 3003 hscjscmumnonvidetsssdhostesrets·
1399 2993 1401 2998 ,

235 3021 341 3054 morsm
361 3007 460 3054 siurim
475 3007 558 3068 proelit
574 3020 620 3052 nors
636 3006 753 3052 audirent.
781 3005 852 3053 reuda
863 3007 1006 3070 (paucissimi
1020 3008 1082 3055 enirn
1092 3023 1105 3056 e
1116 3009 1229 3056 Romanis
1238 3009 1297 3058 oeri-

237 3068 312 3118 Isrrs.
339 3069 481 3120 SicetF'lor.
495 3068 555 3133 neg.
567 3068 652 3128 (Bnd)
666 3069 701 3116 ed
713 3085 749 3132 pr.
781 3069 841 3129 dere,
859 3079 886 3118 ut
898 3070 972 3130 addit)
985 3071 1025 3119 ssd
1042 3071 1071 3118 sd
1085 3071 1146 3136 ipsos
1161 3073 1294 3122 Romsuw

235 3133 309 3183 Erre.
582 3147 587 3154 ·
780 3131 877 3197 ideoque
887 3135 971 3197 legem,
983 3139 1115 3197 suggressus
1125 3139 1244 3194 destitere
1260 3146 1298 3184 st-

271 3202 320 3248 Ubt
328 3198 618 3266 senum-agnovissent]
637 3197 754 3246 &utentis
781 3213 826 3260 que
842 3200 966 3248 mneritas.
999 3200 1074 3248 ers.
1106 3201 1299 3250 Pichenecontrs

235 3261 329 3312 alririo
339 3273 424 3324 sumta,
436 3263 478 3327 qui
488 3274 516 3310 es
525 3276 573 3309 non
586 3276 634 3309 uno
643 3261 693 3309 loco
704 3263 751 3310 uti-
778 3261 809 3310 sd
824 3262 900 3312 hostes
910 3264 986 3322 refert,
1003 3274 1026 3312 et
1042 3267 1129 3313 interm
1137 3269 1208 3328 jactu
1224 3265 1302 3328 legite

234 3335 282 3386 tur,
293 3337 316 3376 et
326 3338 402 3376 under
412 3341 505 3391 quoqne
516 3325 568 3374 eliis
577 3325 634 3374 loeis
645 3325 678 3372 Η.
690 3329 715 3386 2,
726 3327 751 3374 4.
763 3337 765 3340 ·
780 3327 843 3388 quod
858 3337 917 3375 reete
932 3329 1038 3391 repudiet
1051 3328 1155 3378 Freinsh.
1191 3328 1263 3382 Num.
1279 3328 1308 3377 si·

235 3389 261 3446 4.
270 3393 309 3440 5⁰.
333 3391 449 3443 Moxesss
459 3392 524 3440 abest
534 3391 564 3437 ab
574 3389 654 3452 edpr.
677 3390 749 3438 Eur.
779 3391 873 3454 pmpius
888 3407 1021 3454 suggressus
1036 3392 1107 3441 hostis
1122 3394 1219 3440 demum
1235 3393 1300 3442 misit

234 3451 427 3506 EtuoodBud.
708 3472 710 3475 ·
779 3454 832 3514 tela,
844 3454 1145 3516 incertusjaetusnonsuir.
1167 3459 1298 3521 Itaquesnt

270 3520 336 3575 Quod
347 3521 436 3568 modes
446 3534 530 3566 nunus
552 3516 591 3565 sis
601 3517 675 3566 MSS.
687 3518 751 3566 rlos.
778 3517 873 3582 Lipsius
883 3519 1018 3581 audiendus,
1027 3522 1138 3570 eutuliud
1150 3521 1207 3586 quid
1216 3521 1298 3572 viniis

235 3581 322 3645 (Bud.)
339 3581 419 3630 Oxou.
436 3583 497 3645 Reg·
539 3583 553 3593 ''
580 3591 603 3630 et
621 3581 657 3629 ed.
672 3596 709 3644 pr.
723 3591 751 3630 ut
778 3583 919 3642 certantem
937 3585 1093 3633 forteerebru.
1120 3586 1298 3648 Nem-profecto

234 3646 325 3694 volebat
342 3645 481 3702 Acidaliuse
504 3646 568 3710 quod
585 3645 752 3694 Tacito-resti-
779 3654 856 3694 certus
867 3651 948 3710 jactus
965 3663 1012 3696 uon
1030 3649 1084 3698 satis
1102 3651 1207 3698 uonvsuit
1226 3652 1295 3700 verbo

234 3710 322 3758 tuimur
337 3724 392 3756 cum
402 3708 500 3772 Ryclrio.
534 3710 610 3771 Supra
620 3725 640 3758 e.
651 3710 691 3756 ³2.
701 3726 752 3757 mo·
779 3712 914 3772 exhaurire,
926 3713 945 3760 si
955 3713 985 3760 sd
996 3713 1072 3760 hostes
1082 3716 1177 3762 verbum
1188 3714 1232 3762 boo
1242 3729 1305 3781 pen.

233 3775 285 3820 dicu
300 3789 390 3833 mnus,
408 3775 480 3822 tutela
495 3776 575 3835 templs·
582 3776 666 3836 freti-
683 3776 751 3821 ceteri
778 3775 842 3823 tinet.
853 3775 990 3823 Mortuum
998 3777 1072 3826 MSS.
1082 3777 1144 3826 Ποῖ.
1150 3779 1206 3825 Vat.
1215 3779 1296 3828 Guell'.

233 3837 286 3885 libri
296 3854 375 3884 merses.
407 3836 470 3886 Mox
483 3847 542 3885 recte
558 3841 663 3900 conserti.
695 3838 750 3887 vid.
779 3839 895 3888 edduett.
912 3856 985 3903 usque
1000 3842 1031 3890 ad
1042 3842 1119 3891 Rhen.
1130 3842 1170 3906 qui
1183 3844 1207 3904 (e
1218 3843 1293 3905 Bud)

233 3901 296 3961 sut,
308 3905 348 3950 35.
381 3902 454 3950 Etru.
778 3903 842 3952 dedit
860 3919 960 3952 cuneus.-
979 3919 1050 3954 curten
1067 3907 1166 3954 restituit
1185 3907 1295 3956 Piohene.

268 3969 303 4014 Ut
318 3973 393 4013 certus
403 3965 510 4031 enesim]
527 3966 590 4013 Vett.
606 3965 659 4014 edd.
675 3981 748 4030 usque
777 3967 833 4015 Post
839 3970 1200 4034 pepusgunrntssitsgue.
1212 3971 1247 4020 ed.
1258 3987 1294 4036 pr.

232 4029 263 4077 ad
274 4030 414 4078 Rhenanum
425 4038 525 4079 sueretu.-
542 4029 612 4078 etiarn
628 4030 677 4077 eod.
688 4030 749 4093 Agr.
776 4045 823 4088 non
834 4033 902 4092 male,
920 4047 962 4080 neo
971 4033 1094 4082 abhorrens
1105 4051 1119 4082 a
1131 4035 1208 4087 Taciti
1221 4043 1293 4085 more.

231 4104 255 4141 et
276 4095 317 4142 elii
337 4111 375 4158 sp.
397 4095 537 4153 Broterium,
558 4094 597 4142 cui
618 4094 693 4158 plnum
718 4098 748 4143 ob
776 4095 1306 4163 Eus.Buu.perfr-rngu.1thsn.psoussess.

231 4159 347 4215 adportas:
367 4173 408 4205 nec
427 4158 486 4206 mihi
502 4159 636 4221 displiceret,
655 4158 699 4206 nisi
711 4160 749 4206 ni·
775 4173 921 4224 pererrorem·
931 4160 994 4208 dedit
1004 4165 1092 4211 euseb.

229 4220 383 4270 misinsolens
393 4233 450 4270 esset
465 4224 608 4272 coniunctio.
642 4222 747 4272 Ferretus
808 4227 1029 4290 Sepssrosrtubitus]
1041 4227 1104 4276 Bud.
1116 4237 1293 4290 sepserantum.

230 4297 254 4328 se
273 4290 348 4333 eventi
369 4284 425 4334 alibi
441 4287 521 4348 legisse
542 4287 605 4334 dicit.
654 4287 745 4336 Vellem
775 4291 841 4338 titus.
877 4289 938 4338 Mox
955 4293 1088 4352 ocdngersta
1109 4311 1141 4342 m.
1163 4297 1208 4344 Br.
1232 4298 1292 4345 θοοὶ·

227 4343 329 4408 dixisset,
341 4350 388 4402 ubi.
420 4350 452 4399 Id
462 4351 526 4400 haud
535 4351 638 4413 dubie,si
649 4353 674 4399 in
685 4353 745 4402 bono
775 4355 833 4403 disse
844 4360 874 4402 tr.
