3042 4950
229 235 271 292 so
304 265 313 280 ›
647 234 879 297 nvenerunt
953 302 958 315 ,
1119 233 1295 313 [nasot.

230 394 399 460 'ne'femina
412 405 549 482 expertae
562 396 771 476 fecunditatis,
785 398 908 486 integra
916 397 1060 485 juventa,
1073 394 1291 471 claritudinem

229 479 393 544 Caesarum
406 479 497 544 eliam
512 481 545 543 in
559 481 689 546 domum
703 483 828 547 ferret.'‘
1286 528 1290 538 ·

271 564 336 630 111.
359 564 556 629 Praevaluere
576 566 655 644 haec,
678 566 789 653 adjuta
805 566 994 654 Agrippinae
1010 567 1179 646 inlecebris,
1223 587 1286 644 um,

227 648 269 711 ad
283 670 366 726 eum,
378 671 434 735 per
448 649 579 735 speciem
593 651 835 728 necessitudinis,
848 653 958 716 crebro
967 652 1157 729 ventitando,
1171 590 1288 737 pellicit

225 745 384 830 patruum,
399 747 435 797 ut
449 733 577 820 praelata
591 735 709 813 ceteris
724 747 756 798 et
770 735 910 800 nondum
920 759 1012 815 uxor,
1023 737 1160 823 potentia
1174 734 1285 799 uxoria

221 839 289 902 Jarn
308 830 457 884 uteretur.
502 820 599 898 Nam,
619 820 675 924 qbi
695 820 744 884 sui
765 821 953 885 matrimonii
972 835 1056 886 certa
1073 822 1145 900 fuit,
1167 833 1286 885 struere

224 902 354 988 majora,
366 902 553 990 nuptiasque
568 904 710 983 Domitii,
725 928 820 990 quem
840 928 881 969 ex
899 905 959 970 Cn.
973 907 1158 970 AEnobarbo
1171 927 1286 992 genue-

224 999 284 1067 rat,
299 1000 330 1050 et
345 987 495 1066 Octaviae,
519 989 650 1054 Caesaris
666 989 747 1068 filiae,
762 989 882 1053 moliri:
905 991 993 1076 quod
1014 991 1078 1056 sine
1093 991 1202 1054 scelere
1216 1011 1286 1086 per·

224 1073 340 1156 petrari
362 1095 425 1135 non
446 1087 578 1159 poterat,
600 1073 675 1160 quia
696 1075 736 1138 L.
763 1075 868 1138 Silano
896 1075 1102 1161 desponderat
1124 1078 1285 1140 Octaviam

226 1157 342 1234 Caesar,
360 1155 571 1244 juvenemque
585 1170 616 1221 et
635 1159 695 1224 alia
713 1159 841 1236 clarum,
861 1159 975 1246 insigni
996 1159 1231 1245 triumphalium
1252 1169 1284 1220 et

223 1239 398 1326 gladiatorii
411 1245 547 1306 muneris
569 1243 805 1328 magnificentia,
820 1243 992 1330 protulerat
1013 1244 1054 1308 ad
1069 1244 1173 1308 studia
1185 1241 1284 1326 vulgi.

223 1325 288 1390 Sed
301 1325 378 1389 nihil
392 1327 527 1391 arduum
541 1328 705 1392 videbatur
718 1329 751 1392 in
770 1329 874 1392 animo
886 1328 1044 1416 principis,
1059 1329 1111 1393 cui
1124 1351 1187 1392 non
1198 1327 1284 1413 judi-

223 1409 316 1484 cium,
330 1433 393 1473 non
407 1411 515 1475 odium
529 1426 605 1490 erat,
619 1413 679 1476 nisi
693 1413 793 1476 indita
806 1427 839 1478 et
848 1415 950 1500 jussa.
1282 1459 1285 1465 ·

208 1533 211 1540 ·
227 1577 229 1580 Ι
266 1495 321 1558 Ν.
347 1497 364 1557 I
389 1495 451 1558 'tur
462 1496 618 1575 Vitellius,
639 1499 763 1561 nomine
778 1499 922 1562 Censoris
940 1499 1064 1563 serviles
1077 1498 1213 1562 fallacias
1226 1497 1283 1569 olr-
1386 1540 1388 1543 -

223 1589 340 1665 tegens,
356 1579 629 1668 ingruentiumque
648 1581 894 1647 dominationum
907 1586 1058 1669 provisor,
1073 1606 1138 1670 quo
1150 1580 1283 1668 gratiam

223 1665 257 1725 A
281 1663 410 1750 rippinae
429 1678 562 1763 pararet,
582 1666 714 1730 consiliis
734 1669 804 1754 ejus
822 1667 973 1754 inplicari,
989 1690 1087 1732 serere
1108 1667 1235 1730 crimina
1248 1666 1283 1727 in

222 1687 376 1828 Siianum,
391 1771 442 1812 cur
451 1773 523 1814 sane
537 1750 647 1814 decora
661 1763 692 1815 et
725 1775 818 1816 rocax
829 1776 925 1830 soror,
936 1755 959 1815 J
962 1753 1035 1816 unia
1044 1752 1184 1827 Calvina,
1196 1749 1283 1813 haud

222 1833 357 1897 multum
371 1847 443 1898 ante
456 1835 576 1900 Vitellii
589 1858 687 1900 nurus
696 1774 821 1901 luerat:
844 1837 917 1900 hinc
930 1838 1053 1901 initium
1067 1833 1283 1900 accusationis:-

221 1917 416 2006 fratrumque
429 1941 492 1987 non
505 1919 667 2002 incestum,
684 1921 738 1986 sed
752 1921 976 1987 incustoditum
989 1943 1124 1986 amorem
1144 1918 1185 1982 ad
1198 1918 1283 2010 infae-

217 2112 350 2170 monentsi
360 2114 459 2173 dignam
466 2113 538 2177 legas,
547 2114 603 2162 idin
614 2121 731 2162 contume-
765 2114 817 2161 dola
828 2129 882 2161 cum
892 2116 955 2162 ridet
960 2115 1150 2176 pluetdtpetlocia
1155 2112 1241 2173 potui.-
1257 2118 1282 2158 et

118 2209 121 2217 ·
219 2177 276 2224 liam
287 2176 415 2224 Britannici
425 2177 513 2224 dictum
521 2178 576 2226 fore.
764 2177 932 2226 convenientior
940 2178 996 2227 huic
1009 2178 1126 2226 sententia
1133 2176 1182 2223 visa
1191 2190 1219 2222 ea
1226 2189 1280 2222 vox.

253 2241 393 2303 Nesemtnu
401 2240 455 2305 etc]
463 2241 580 2290 Broterius
589 2257 602 2289 e
610 2241 665 2288 Ms.
673 2241 733 2306 neg.
764 2243 820 2290 Non
828 2242 890 2289 enim
898 2241 1045 2289 tamiraudes
1057 2251 1131 2299 erant,
1143 2253 1215 2302 qnam
1223 2237 1282 2284 adu-

219 2303 291 2357 edidit
301 2305 370 2365 neos.
381 2303 444 2367 quod
454 2305 607 2352 mrrationem
617 2305 733 2366 postulare
763 2305 859 2353 lotiones
869 2304 969 2353 humiles
979 2314 1003 2352 ct
1012 2305 1117 2353 demisse
1123 2303 1154 2351 ad
1164 2301 1282 2365 pellicien-

236 2374 293 2415 utat.
326 2367 436 2414 Frustra:
454 2368 629 2432 ncncepitsatis
640 2383 733 2417 sensum
764 2369 819 2416 dam
834 2369 1005 2432 parandtmque
1020 2369 1119 2431 gratiam
1133 2366 1280 2429 Agrippina,

218 2383 252 2481 ς’.
272 2431 300 2479 G.
334 2431 515 2495 Intelligendum
534 2441 584 2481 est:
608 2433 733 2482 verendum
763 2441 791 2480 ut
809 2433 875 2481 addit
889 2441 972 2481 noster.
991 2433 1067 2481 larrs.
1104 2431 1150 2481 Sed
1167 2429 1281 2477 cucuso-
1309 2457 1317 2480 ι

218 2511 276 2556 esre,
287 2510 316 2544 ne
326 2496 344 2543 f.
355 2496 417 2571 qued
428 2512 501 2571 genus
512 2497 615 2560 ellipseos
624 2496 733 2560 frequens
762 2511 804 2545 nes
814 2497 917 2545 maxime
926 2497 957 2544 ad
967 2496 1096 2544 fallendum
1109 2501 1279 2557 comparanmr.

219 2560 336 2682 iiiiuirpdi‘tl,
344 2559 734 2687 riiarildroicspidlriididdiradlititiaddd
764 2562 879 2673 Elidiere
889 2626 990 2671 ariarico
1000 2626 1027 2671 io
1038 2620 1159 2686 sumam]
1177 2620 1215 2669 Sit
1226 2620 1280 2669 edd.

182 2692 184 2697 ’
217 2695 313 2749 experta
313 2688 470 2750 ficuadtrattr
475 2688 563 2735 dederit
569 2687 680 2735 Tacitus:
692 2689 732 2735 sed
764 2688 854 2737 Puteol.
882 2688 989 2735 Beroald.
1002 2688 1069 2735 ·Alc.
1089 2686 1278 2744 ,Gronoviorum

218 2752 274 2814 quia
284 2751 365 2799 incod.
373 2752 433 2813 Agr.
441 2750 500 2798 illud
509 2759 550 2809 est,
563 2759 585 2798 et
595 2751 693 2801 Tacitus
703 2752 732 2799 li-
762 2752 842 2814 Ryclc·
850 2752 913 2816 quod
923 2766 1004 2800 verum
1015 2760 1080 2815 puto.
1108 2750 1279 2811 Ceteroeserre.

217 2814 732 2877 benterconstructicnemvariamumRyclrio
762 2816 872 2863 Vitellius
885 2815 1008 2878 mareiam
1025 2814 1161 2863 cdmmandi
1172 2828 1280 2875 mggere

216 2879 315 2942 pratili.
327 2880 587 2941 Eepertasecuaditutir
593 2878 656 2928 aliud
660 2880 731 2943 signi.
761 2879 882 2942 bat,·quod
891 2887 926 2927 est
935 2894 1011 2926 serere
1021 2880 1131 2936 mnam,
1141 2892 1188 2925 non
1192 2878 1278 2938 ferres

149 2994 151 3002 s
215 2942 278 2997 fleat,
289 2958 361 3005 quam
374 2957 411 2989 res
423 2941 461 2990 hic
475 2942 603 2991 desiderat:
620 2957 676 2991 nam
691 2958 731 2990 ec·
762 2944 828 3002 cuius
842 2944 949 2992 formulae
963 2942 1075 3006 loquendi
1088 2941 1158 2988 etiam
1171 2940 1280 3001 exempla

212 3012 297 3069 pertua
307 3022 361 3054 cum
372 3005 472 3069 genitivo
486 3014 521 3054 est
531 3006 598 3053 tritus
613 3006 638 3053 in
652 3008 731 3071 aliqua
761 3006 871 3054 desidero.
904 3006 1023 3055 confundi
1037 3006 1087 3053 hec
1097 3007 1166 3053 verba
1175 3004 1277 3051 inlibris

124 3070 130 3079 '
215 3086 240 3119 re
250 3086 303 3119 usu.
318 3071 390 3118 Ertrv.
761 3070 827 3118 docet
843 3070 962 3119 Drakeub.
982 3071 1013 3118 ad
1029 3070 1073 3119 Sit
1090 3071 1116 3129 5,
1130 3071 1187 3116 235.
1203 3068 1277 3115 Eun.

248 3136 397 3183 Praeualuert
406 3133 466 3196 lucre]
482 3136 535 3183 Ms
547 3135 627 3183 Guelf.
637 3151 731 3197 proevo·
761 3134 839 3182 Rhen.
850 3150 864 3182 e
874 3134 939 3183 Bud.
944 3136 1022 3196 serre.

214 3203 290 3248 terea.-
302 3214 358 3247 mox
364 3201 427 3248 abest
434 3215 492 3261 quar,
499 3200 555 3249 item
564 3200 593 3247 ab
600 3200 651 3247 aliis
658 3199 732 3250 MSS.
793 3201 829 3246 Et
834 3198 937 3263 procas]
955 3197 1037 3247 Heins.
1047 3200 1192 3259 reciprocae.

214 3280 252 3329 ap.
264 3264 405 3311 Broterium.
420 3264 492 3312 Ean.
524 3264 557 3311 Et
567 3280 582 3310 a
591 3264 655 3311 Bud.
793 3264 935 3324 Fratrieque
946 3276 993 3309 aon
1002 3264 1127 3324 incestum]
1141 3259 1277 3322 Vatis-sra-

165 3374 166 3379 ,
246 3329 407 3389 Juceaarrqac
425 3335 447 3374 tt
464 3330 512 3375 alta
527 3329 629 3391 cherma]
647 3328 685 3374 Ita
695 3328 732 3375 di·
760 3333 878 3388 eumque,
889 3325 952 3389 quod
967 3328 1045 3388 probo.
1079 3325 1110 3372 In
1122 3324 1277 3388 reliquascri-

213 3391 355 3442 certavere
365 3406 468 3455 vereque.
484 3392 730 3439 Transmarinnforma
759 3399 829 3452 ptura
838 3390 927 3452 pendeo
941 3389 1022 3435 animi.
1048 3388 1177 3451 vulgatam
1187 3388 1207 3434 si
1222 3387 1276 3435 fen·-

215 3456 325 3513 sermonis
339 3463 382 3513 est,
396 3456 503 3502 νιανίσκον
518 3456 548 3501 τά
565 3453 584 3499 τ’
597 3454 659 3501 ἄλλα
671 3467 730 3513 λαμ.
760 3468 822 3512 mus,
840 3452 977 3500 sententiam
992 3452 1120 3501 carseolo:
1138 3458 1237 3499 tractum
1250 3451 1274 3497 in

215 3520 274 3581 epla,
290 3520 441 3581 crebrumque
457 3518 520 3581 apud
539 3517 643 3575 munos,
661 3518 729 3564 horno
759 3516 846 3563 crimen
856 3531 904 3565 esse
914 3530 961 3564 non
978 3531 1080 3564 amorem
1091 3517 1205 3563 incestum
1215 3515 1276 3561 inter

214 3590 289 3630 cetero
300 3584 379 3642 maur,
395 3590 418 3629 et
428 3582 526 3631 similias
543 3582 567 3627 in
579 3581 729 3644 Agellioffloe
758 3579 853 3628 fratrem
862 3595 1013 3644 sororemque,
1025 3580 1065 3628 sed
1072 3588 1163 3627 tantum
1174 3579 1274 3626 murac-

213 3647 566 3709 mopleruquaoontndtltgeus.
583 3645 658 3693 rnrs.
691 3646 730 3693 Sic
758 3643 851 3691 ditumt
865 3644 946 3699 idest,
962 3658 1064 3693 amorem
1078 3658 1161 3705 parum
1177 3651 1273 3689 cautum
1349 3656 1355 3667 ·

214 3710 270 3759 MS.
289 3712 353 3758 Flcr.
386 3709 431 3758 Sed
450 3709 523 3758 MSS.
537 3709 615 3757 Guelf.
634 3717 656 3756 et
672 3708 727 3766 alii3
758 3708 1003 3771 cirmmspectumque,
1014 3717 1037 3755 et
1051 3707 1093 3770 qui
1107 3707 1155 3753 sine
1168 3706 1273 3764 mariue,

214 3774 265 3823 edd.
277 3782 332 3824 vett
346 3776 412 3822 alios.
446 3773 507 3821 Mox
521 3772 556 3821 ed.
573 3789 609 3835 pr.
621 3774 729 3820 maleta-
758 3772 810 3835 rapi
820 3781 897 3819 tamen
907 3772 931 3819 in
946 3772 1033 3819 crimen
1043 3770 1150 3834 pomerit
1177 3769 1275 3818 Similli·

213 3842 301 3901 signia
334 3838 386 3887 ΜΒ,
405 3838 486 3885 Guelf.
501 3839 669 3899 munificentia.
695 3837 726 3886 V·
758 3850 825 3882 mum
835 3836 895 3884 illud
906 3835 978 3883 Plinii
987 3851 1024 3898 ep.
1034 3836 1105 3892 este.
1128 3836 1275 3881 Tritonum

212 3904 242 3953 ad
254 3904 288 3951 H.
298 3904 322 3959 3,
332 3904 370 3950 34.
388 3904 460 3950 Eltrv.
520 3932 521 3937 =
534 3928 538 3941 ι
602 3931 605 3939 ·
757 3901 854 3947 Julium
867 3904 979 3958 Burrum,
988 3906 1015 3945 ut
1025 3899 1192 3946 manuatim
1202 3898 1274 3943 nimis

246 3968 396 4015 Niceratus
406 3969 512 4031 etjuesa]
530 3966 648 4022 Muretus,
664 3967 727 4013 indi-
757 3971 781 4011 et
791 3966 921 4024 arcuatum,
929 3967 966 4011 ito
973 3964 1071 4010 artissime
1076 3964 1172 4009 malum
1192 3958 1274 4022 Siquid

213 4039 257 4081 cta
275 4032 350 4081 lues.
383 4031 421 4079 Sic
436 4040 458 4078 et
468 4030 597 4089 Acidaliae,
615 4028 725 4077 Pichena.
757 4028 907 4084 mutandum,
923 4027 1032 4089 legerem,
1043 4026 1209 4073 samaritum
1223 4028 1286 4069 aeri

214 4096 250 4143 At
267 4096 299 4145 sic
317 4095 389 4143 oritur
403 4094 535 4157 tautologia.
563 4094 646 4141 Iodita
663 4102 725 4153 sunt,
756 4106 854 4139 mmm.
886 4091 928 4138 Ex
944 4092 1029 4139 Seneca
1041 4098 1101 4137 certe
1110 4088 1206 4141 darum,
1223 4100 1272 4133 non

230 4175 267 4206 uae
281 4160 610 4222 subjiciuntur,1suggeruntur
626 4158 656 4205 ab
669 4157 727 4205 aliis.
756 4155 821 4204 aliud
831 4170 882 4202 vere
897 4156 1013 4215 objectum
1030 4153 1086 4200 huic
1101 4153 1188 4211 Silano,
1200 4165 1273 4213 quam

212 4176 285 4274 inre.
319 4222 503 4271 Heinstacoa
756 4222 827 4269 verba
836 4219 944 4267 adversus
951 4233 1051 4266 sororem
1062 4215 1184 4279 nuptialia,
1195 4223 1273 4277 etpa-

220 4322 228 4345 ·.
245 4286 346 4336 servata
353 4290 465 4349 sathane
481 4286 598 4350 obtegam]
613 4285 726 4339 Dubitari
755 4299 810 4333 rum
820 4292 895 4331 cauta
914 4282 960 4330 Ait
969 4282 995 4329 in
1005 4281 1075 4330 Ludo
1081 4281 1111 4329 de
1118 4287 1193 4327 morte
1200 4278 1274 4326 Glan-

212 4366 242 4399 nc
256 4350 330 4413 priseo
340 4353 408 4399 verbo
421 4352 489 4400 scrib.
503 4354 597 4399 serviles
606 4352 726 4412 polheim.
755 4349 804 4396 diis
823 4348 880 4408 Qut,
891 4354 1005 4409 medum
1013 4346 1107 4408 quidem
1117 4348 1143 4390 ia
1154 4343 1271 4405 iprcsalt,

211 4413 649 4483 Apud,Lucreuumsctptum2,aeo.
666 4416 727 4465 Sur„
756 4415 894 4467 meatum
914 4413 997 4462 incuti
1020 4412 1052 4459 L·
1072 4411 1182 4463 Sturam
1201 4420 1271 4470 cents
