3042 4950
196 230 228 275 ι.
242 232 269 274 c.
285 217 348 289 ιιι]
559 216 633 275 mn.
653 218 731 277 xvi.
754 220 838 278 cur.
858 220 900 278 ιι.
1170 228 1241 285 ssa

185 376 301 463 jugum
310 392 341 440 et
354 376 519 441 liberorum
531 375 681 453 lamenta3
698 379 849 463 qui,dum
858 378 1009 460 adsident,
1022 381 1097 446 dum
1115 382 1239 462 deflent,

189 484 270 545 soepe
285 461 390 525 eodem
405 483 482 557 rogo
495 462 716 527 cremabantur.
761 462 916 547 Equitum
936 465 1182 553 Senatorumque
1195 470 1242 533 in-

190 546 309 623 teritus,
333 567 474 630 quamvis
498 544 675 630 promiscui,
697 546 799 610 miuus
819 546 934 610 flebiles
954 565 1057 628 erant3
1081 562 1242 636 tamquam
1300 557 1306 565 '

189 628 345 694 communi
357 628 543 693 mortalitate
552 628 699 693 saevitiam
711 629 862 715 Principis
872 632 1085 715 praevenirent.
1120 635 1243 699 Eodem

188 734 269 777 anno
297 711 432 775 delectus
459 735 515 798 per
544 710 677 777 Galliam
711 716 943 777 Narbonensem
974 716 1179 803 Africamque
1211 736 1242 783 et

192 796 295 859 Asiam
310 796 408 859 habiti
422 810 504 874 sunt,
527 820 563 861 su
586 796 705 881 plendis
727 797 877 883 Illyricil
916 797 1047 877 onibus,
1067 823 1107 864 ex
1150 802 1242 866 uibus

189 893 279 944 aetate
298 893 353 943 aut
370 879 545 945 valetudine
564 820 636 944 iussi
656 894 843 947 sacramento
864 821 1068 947 sbiiebantur.
1113 884 1140 948 C
1209 909 1242 949 m

189 964 431 1048 Lugdunensem
454 964 638 1049 quadragies
661 965 798 1030 sestertio
823 965 937 1032 solatus
958 980 1004 1030 est
1026 968 1183 1054 Princeps,
1196 983 1242 1032 ut

188 1049 298 1113 amissa
315 1049 385 1112 urbi
404 1072 436 1111 re
478 1059 601 1111 nerent:
624 1050 902 1134 quampecuuiam
924 1051 1151 1136 Lugdunenses
1171 1066 1242 1117 ante

189 1132 376 1209 obtulerant,
391 1145 443 1194 tur
465 1132 524 1195 idis
538 1133 666 1196 casibus.
770 1191 774 1197 ,
810 1192 813 1195 ,

517 1250 558 1311 Α.
575 1248 617 1312 U.
633 1249 705 1311 820.
750 1251 793 1311 A.
810 1252 846 1312 C.
863 1249 915 1316 67.

198 1354 203 1439 j
232 1358 327 1421 XIV.
351 1357 387 1421 C.
409 1358 565 1436 Suetonio,
586 1358 625 1421 L.
649 1355 793 1421 Telesino
814 1378 897 1420 coss.
913 1356 1070 1423 Antistius
1086 1361 1240 1441 Sosianus,

189 1440 333 1505 factitatis
353 1442 385 1503 in
408 1444 562 1505 Neronem
583 1438 769 1504 carminibus
810 1441 953 1517 rubrosis,
975 1442 1091 1522 exsilio,
1113 1459 1150 1509 ut
1164 1442 1243 1521 dixi,

189 1518 349 1603 multatus,
413 1537 546 1611 stquam,
561 1525 593 1588 id
609 1524 731 1588 honoris
745 1464 908 1602 indicibus,
922 1538 1047 1611 tamque
1061 1539 1241 1613 promptum

189 1609 230 1689 ad
251 1610 349 1673 caedes
399 1610 556 1695 rincipem,
578 1609 705 1694 accepit,
727 1608 847 1693 inquies
865 1608 977 1685 animo,
998 1623 1029 1672 et
1049 1611 1239 1675 occasionum

190 1692 276 1765 baud
290 1693 401 1779 segnis,
422 1693 630 1771 Pammenem,
651 1693 792 1779 ejusdem
811 1692 869 1755 loci
882 1693 1020 1756 exsulem
1035 1708 1065 1759 et
1081 1695 1243 1760 Cbaldoeo-
1322 1706 1325 1712 '

191 1801 261 1857 rum
275 1791 341 1841 arte
353 1776 517 1855 famosum,
539 1801 638 1862 eoque
651 1776 823 1842 multorum
835 1776 975 1842 amicitiis
987 1776 1144 1857 innexum,
1159 1779 1242 1844 simi-

190 1862 320 1932 litudine
333 1860 466 1927 fortunae
482 1861 538 1925 sibi
552 1861 700 1925 conciliat.
743 1862 906 1928 ventitare
920 1861 960 1925 ad
974 1885 1046 1925 eum
1065 1863 1189 1927 uu'ntios
1210 1879 1242 1927 et

190 1945 426 2010 consultationes
448 1968 508 2008 non
531 1944 646 2008 frustra
664 1958 759 2023 ratuS,
784 1944 874 2008 simul
896 1952 1030 2009 annuam
1048 1947 1209 2031 pecuniam
1222 1972 1242 2011 a
1286 1994 1293 2006 .

193 2030 230 2094 P.
259 2031 376 2093 Anteio
401 2026 563 2093 ministraii
588 2030 751 2127 cognoscit.
796 2030 906 2113 Neque
934 2030 1069 2093 nescium
1098 2031 1241 2109 habebat,

192 2114 341 2177 Anteium
362 2114 487 2178 caritate
503 2116 535 2175 A
559 2112 688 2199 rippmae
708 2113 843 2175 invisum
866 2112 992 2190 Neroni,
1007 2123 1153 2199 'opesque
1173 2116 1242 2180 e'us

191 2198 362 2283 praecipuas
376 2198 415 2263 ad
430 2196 533 2259 elicien
576 2220 607 2259 m
626 2196 812 2281 cupidinem,
834 2218 963 2281 eamque
983 2218 1121 2261 caussam
1137 2200 1243 2262 mutis

193 2282 286 2346 exitio
300 2306 372 2346 esse.
417 2281 530 2367 igitur,
549 2280 724 2377 interceptis
747 2279 854 2344 Anteii
874 2279 991 2357 litteris,
1013 2280 1134 2345 furatus
1144 2282 1242 2346 etiam

193 2366 321 2443 libellos,
336 2366 450 2451 quibus
468 2364 533 2429 dies
551 2365 691 2453 genitalis
709 2364 777 2451 ejus
795 2374 826 2427 et
843 2376 991 2427 eventura
1008 2366 1129 2428 secretis
1151 2369 1244 2429 Pam·

194 2450 290 2514 menis
311 2449 554 2528 occultabantur,
579 2448 669 2513 simul
693 2447 830 2535 repertis,
858 2470 930 2532 quae
958 2448 997 2512 de
1025 2464 1095 2512 ortu
1119 2449 1244 2535 vitaque

193 2535 312 2600 Ostorii
341 2534 481 2620 Scapulae
513 2533 680 2619 composita
711 2546 808 2609 erant,
844 2531 948 2597 scribit
979 2532 1021 2596 ad
1054 2534 1240 2619 Principem,

195 2701 199 2708 ’
225 2691 345 2753 Deiectus]
362 2688 424 2736 Bud.
442 2687 544 2734 dilectas.
571 2684 630 2734 Mor
643 2687 701 2733 calt-
733 2684 820 2733 dedisse
836 2686 996 2733 hicterico.
1028 2686 1197 2733 Pranomenei
1214 2688 1243 2734 C.

194 2755 296 2801 tudina«
733 2749 795 2797 unde
805 2749 909 2809 Ryckius
921 2757 996 2811 putat,
1014 2749 1122 2798 Tacitum
1133 2748 1246 2810 scripsisse

227 2819 322 2865 Clodem
344 2817 522 2878 Lugdunensem
559 2812 655 2860 Cladem
674 2827 702 2860 ex
736 2814 802 2860 eatis
824 2814 933 2860 sudario
955 2820 978 2859 et
999 2812 1074 2858 Lucio
1095 2812 1132 2860 vel
1157 2813 1245 2859 Luccio

194 2880 298 2927 incendio
316 2875 455 2942 conceptam,
477 2894 509 2940 qu
558 2877 662 2924 denam
680 2884 703 2922 et
739 2875 1037 2932 susurratorem
1068 2873 1140 2922 Enu.

194 2943 297 3004 deplorat
312 2943 398 2990 Seneca
413 2941 507 3004 epistola
522 2949 570 2988 tota
584 2943 624 2986 92.
656 2939 704 2986 Aa
772 2941 805 2986 Ut
815 2940 879 3002 aas]
891 2938 928 2985 Ct'.
941 2938 979 2994 14,
990 2938 1029 2984 tu.

194 3005 249 3054 cidit
263 3006 385 3054 centesimo
395 3019 456 3051 anno
469 3017 484 3050 a
496 3003 585 3052 colonia
599 3001 704 3058 deducta,
768 3003 896 3064 laninam]
915 3001 1010 3047 Rectius
1025 3002 1136 3048 amram
1151 3002 1245 3066 Lipsius

194 3070 275 3117 eodem
291 3070 377 3116 Seneca
391 3070 538 3114 observante:
557 3075 583 3113 ut
598 3065 704 3112 mintium
736 3075 759 3112 et
778 3065 880 3112 Freinsh.
896 3071 985 3127 putant.
1002 3063 1072 3111 Bene.
1092 3064 1164 3113 Etru.
1182 3067 1245 3114 Bou

194 3133 238 3180 boc
248 3132 312 3179 tarde
322 3131 450 3180 adhibitum
460 3145 475 3178 a
485 3130 577 3178 Nerone
587 3129 624 3180 sit.
635 3128 704 3190 septi-
736 3130 859 3175 uramur.

194 3211 234 3242 mo
244 3205 295 3257 post
304 3194 435 3242 incendium
444 3207 511 3240 auno
535 3191 705 3239 Numdaducta
770 3193 876 3238 Nuntios
896 3199 919 3238 et
942 3192 1114 3255 cumulationes]
1142 3192 1246 3241 Omnino

195 3255 704 3320 LugdunumsMunatioPlsnmau.7ll.
736 3255 788 3316 lego
814 3255 1008 3301 comulrartoace:
1039 3264 1062 3301 et
1085 3257 1134 3314 J'am
1161 3258 1248 3304 notam

196 3322 271 3369 ers.
303 3321 383 3381 Hujus
401 3320 470 3368 cladis
490 3317 584 3380 vestigia
602 3327 625 3363 et
643 3331 705 3364 nunc
739 3317 847 3375 Picbena
858 3316 924 3364 sicin
936 3316 1062 3364 l'loaeue.
1084 3319 1248 3380 Verbumejus

194 3383 598 3509 iiiiiitssdligittilttl
614 3390 705 3489 sqq.
736 3379 1139 3505 tiri'tt‘ffatttntoe
1156 3383 1248 3492 'dt

211 3512 236 3558 ui
246 3463 323 3559 limen
333 3511 362 3558 de
372 3525 463 3558 summa
477 3507 578 3572 pecuma
588 3461 705 3554 apNerone
736 3523 756 3554 c.
778 3509 817 3554 30.
835 3475 910 3561 ’Qua
932 3507 1029 3555 caritate
1049 3520 1107 3567 erga
1126 3515 1248 3568 parentem

224 3583 254 3622 tre
264 3589 310 3620 non
321 3584 379 3621 recte
389 3572 464 3620 scutit.
497 3572 567 3619 Eun.
737 3585 782 3618 aaa
804 3577 879 3617 marea
900 3570 965 3617 aliud
986 3570 1157 3624 marabaverrt,
1179 3585 1248 3631 quam

227 3633 705 3700 L.,·Teleriaocoss.]NomeneiL.Pon-
738 3636 766 3680 de
792 3634 949 3679 incolumitate
975 3633 1062 3680 domur.
1095 3631 1178 3681 Paullo
1196 3643 1249 3681 ante

195 3701 240 3749 tius
257 3701 378 3747 Telesinus
394 3715 422 3746 ex
439 3699 536 3746 Velleio.
567 3697 660 3745 Laudat
678 3705 704 3743 ut
737 3696 1194 3752 scribamaltorumamicitiiriaaeaum.
1202 3711 1249 3744 non

193 3762 587 3827 philosophumetinsignemrirum
597 3761 705 3822 plusuno
737 3762 853 3806 mabam.
885 3759 956 3804 lars.
988 3759 1171 3805 Camenarum
1181 3760 1249 3807 habet

194 3829 245 3876 loco
261 3827 413 3874 Philostratus
423 3828 448 3886 4,
460 3827 497 3872 40.
515 3825 587 3883 7‚11.
606 3823 640 3885 (8,
656 3824 705 3882 12.)
737 3823 852 3885 eted.pr.
879 3821 961 3882 ltaque
970 3834 1017 3866 non
1029 3820 1077 3867 solo
1088 3820 1149 3868 Plor.
1161 3823 1247 3869 nititur.

195 3890 348 3951 eumdemque
363 3889 478 3936 exanime
488 3903 515 3934 ea
524 3903 549 3934 re
559 3888 602 3934 sub
613 3887 706 3933 Nerone
738 3887 763 3933 N
765 3901 790 3933 ec
796 3899 924 3948 comparem
933 3883 988 3929 huic
993 3885 1158 3931 comaltatores
1166 3885 1251 3946 Ryckii

195 3953 278 4002 scribit.
293 3951 366 4000 ers.
379 3949 647 4001 Immacnuretavel
655 3951 704 3996 La·
737 3964 750 3994 e
772 3948 821 3995 aad.
845 3949 904 4008 Agr.
936 3946 1009 3993 Recte
1033 3947 1117 4009 recepit
1143 3947 1249 3996 Pidrena

195 4019 245 4064 cias
265 4017 390 4074 Telesiam,
407 4025 435 4062 ut
450 4014 521 4060 Inscr.
539 4015 588 4075 (ap.
602 4013 669 4060 Grut.
681 4026 706 4072 p.
738 4013 821 4060 Simul
838 4010 907 4057 etiam
930 4008 1010 4056 cusu.
1033 4008 1069 4056 ed.
1090 4025 1125 4072 pr.
1162 4010 1250 4058 Cetera

198 4079 279 4134 ilua.)
296 4079 475 4126 demonstratura
491 4077 596 4138 liuperto
611 4090 647 4138 ep.
666 4075 704 4121 48.
738 4083 792 4122 ante
806 4073 1015 4132 ausamque.
1047 4072 1118 4132 Ean,
1152 4074 1249 4121 Canal-

213 4142 288 4196 .447.
332 4141 401 4188 Adde
419 4138 537 4202 Ryckium
556 4137 586 4185 ad
603 4138 627 4184 h.
647 4138 664 4183 1.
684 4144 707 4184 et
721 4191 723 4195 ¹
739 4136 1018 4196 tatiousrastmlogorum,
1030 4135 1159 4197 auspicum,
1173 4135 1249 4183 ioman

195 4157 707 4320 iritum-..staurus
739 4197 1251 4310 acerrimum

222 4284 252 4315 m
499 4287 501 4289 '
587 4295 593 4317 ι

196 4332 248 4392 rios,
265 4331 305 4393 qui
320 4343 451 4391 prenomen
466 4341 514 4376 esse
523 4333 636 4390 putarent,
654 4326 707 4373 hinc
741 4357 748 4364 -
774 4325 864 4373 onorii
873 4325 987 4387 Scopulae]
1007 4323 1251 4448 Οὲ12,31.14,18.
