3042 4950
192 234 257 290 152v
604 192 835 288 lanarium
867 295 871 307 ,
1082 212 1260 303 [auaro.

200 390 420 481 grassamina*q
434 390 603 477 pernotuit,
612 382 873 477 augebanturque
882 388 1007 475 injurie
1018 389 1168 453 adversus
1180 386 1263 451 viros

201 478 297 545 femin
355 499 394 539 ue
411 476 552 561 insignes,
573 476 762 561 etquidem,
785 475 933 561 permissa
954 474 1047 539 semel
1065 474 1190 537 licentia
1204 473 1263 537 sub

204 500 375 627 nomiridkii
377 560 486 637 crenis,
502 560 593 624 inulti
607 562 740 647 propriis
754 584 826 623 cum
840 560 940 645 globis
951 560 1058 623 eadem
1069 559 1263 635 exercebant,

205 649 238 712 in
253 648 382 711 modum
396 645 582 743 captivitatis
598 668 661 708 nox
679 646 841 731 agebatur.
883 645 991 707 Julius
1008 647 1192 721 Montanus,
1213 645 1267 707 Se-

206 732 318 799 natorii
342 732 469 809 ordims,
493 730 548 793 sed
568 730 623 815 qni
649 730 789 792 nondum
813 727 963 793 honorem
987 729 1275 813 capessisset·con-·

207 840 331 903 gressus
351 818 432 880 forte
449 837 505 901 per
519 816 660 879 tenebras
673 836 746 877 cum
760 812 917 899 Principe,
931 813 1008 900 quia
1020 814 1052 876 vi
1066 820 1276 877 attentantem*

206 901 319 969 acriter
327 901 493 988 repulerat,
508 899 620 964 deinde
627 899 772 986 agnitum
778 898 1036 992 oraverat,·quasi
1043 898 1267 985 exprobrasset,

212 1053 257 1103 orie
267 1048 386 1102 Orous-i.
403 1044 534 1098 Gmnorius
544 1050 678 1111 conjiciebat
688 1064 727 1098 are
757 1050 816 1098 Rae.
831 1050 871 1105 37.
883 1048 987 1097 defendit
1001 1044 1095 1114 quidem
1109 1064 1123 1095 e
1136 1048 1187 1095 loco
1201 1047 1271 1095 simili

212 1118 345 1165 cicatricem
364 1116 498 1177 praeferret.
537 1114 583 1163 Vir
600 1114 680 1163 doctus
701 1114 726 1162 in
759 1114 850 1163 (liade
865 1115 919 1163 Seu·
938 1119 962 1163 9.
980 1115 1059 1175 Cyrus
1073 1114 1174 1175 quidem
1206 1111 1271 1159 Mihi

213 1180 318 1242 margine
326 1178 426 1242 Gryphii
437 1179 506 1226 verba
517 1192 555 1225 ore
566 1193 620 1240 proe
632 1177 723 1225 delerit.
757 1177 841 1226 rectius
851 1179 930 1226 abesse
940 1178 1037 1227 ridetur.

214 1246 324 1293 Ceterum
346 1245 465 1306 vulgatam
483 1242 604 1290 lectionem
625 1242 728 1290 defendit
791 1243 1137 1305 siequaamamuamorem]
1154 1240 1269 1289 Sueten.

215 1307 272 1369 (nisi
282 1308 346 1371 quod
361 1316 384 1355 et
399 1307 448 1369 ipae
458 1306 509 1355 vult
518 1306 645 1367 reciperet)
656 1315 679 1353 et
689 1320 727 1353 co-
758 1306 898 1353 laticlarium
915 1305 997 1354 vocat:
1020 1314 1048 1354 tu
1063 1306 1127 1353 scito.
1165 1305 1230 1353 Ante
1246 1312 1272 1351 et

161 1394 163 1403 =
215 1374 279 1437 pinse
288 1372 389 1421 illustrat
399 1372 433 1419 N.
443 1370 690 1418 HeinsiusedVellci.
701 1372 726 1429 2,
759 1370 858 1417 subhac
867 1385 1009 1429 arummoa
1019 1369 1123 1417 utliberi
1133 1370 1271 1418 Senatorum

218 1438 273 1485 116.
304 1436 376 1484 Ean.
416 1434 479 1483 Bud.
496 1433 589 1490 vitiose,
602 1440 624 1480 et
634 1434 691 1495 sore
705 1448 729 1479 aa
759 1434 808 1481 lato
824 1433 890 1480 clavo
905 1433 1055 1480 induerentur
1073 1448 1119 1481 una
1139 1448 1193 1480 cum
1211 1431 1272 1479 virili

218 1502 279 1549 Cur.
295 1502 363 1563 prus.
377 1498 439 1547 unde
449 1498 525 1545 Rhen.
538 1497 601 1555 fecit,
615 1504 638 1543 et
654 1511 729 1544 orere
760 1505 822 1559 toga,
844 1496 959 1560 curiaque
978 1496 1119 1544 interessent
1158 1498 1200 1544 Ab
1219 1497 1273 1543 Αιι-

219 1567 246 1613 C.
264 1581 292 1627 p.
344 1564 399 1611 Non
421 1576 476 1625 ergo
504 1562 606 1609 multum
633 1561 729 1607 laborat.
760 1569 829 1623 gusto
838 1560 1115 1623 institutum,quiiiberir
1123 1564 1273 1617 Senatorum,

217 1628 323 1691 Ryclrius
339 1628 456 1675 Curarem
472 1642 485 1673 e
502 1641 548 1689 seq.
564 1626 668 1671 membro
683 1624 730 1672 huc
761 1626 913 1686 praeclarius
929 1626 1000 1686 Reip.
1016 1626 1183 1683 adsuescerent,
1194 1626 1274 1685 proti-

218 1692 316 1741 inlatum
327 1699 401 1754 putat
433 1690 566 1737 Lectionem
577 1688 640 1735 Flor.
654 1702 731 1735 recen·
762 1705 808 1735 aur
819 1690 886 1735 cirili
897 1696 958 1751 togoe
969 1691 1044 1736 iatum
1054 1692 1146 1737 ciccum
1157 1690 1272 1745 iuducere,

218 1754 287 1803 tiores
297 1754 393 1802 editores
410 1753 512 1801 certatim
523 1762 658 1826 sequuntur.
692 1752 731 1799 De
762 1756 867 1801 neumae
877 1756 1108 1814 iatermrcprrmirit.
1134 1754 1210 1816 (Suet.
1221 1754 1274 1810 38.)

219 1818 352 1867 auctoritate
369 1818 451 1866 cadius
470 1817 533 1865 Bud.
555 1831 579 1863 ru
598 1815 731 1879 prefatione
764 1818 848 1881 eiquo
863 1833 926 1866 more
936 1816 1036 1866 Ovidius
1053 1817 1124 1865 Trist.
1138 1820 1163 1873 4,
1179 1818 1217 1876 10,
1233 1818 1275 1865 28.

209 1880 315 1929 'riictm
764 1882 873 1928 Liberior
884 1882 965 1943 fratri
980 1889 1082 1943 sumptu,
1101 1884 1206 1943 miliique
1221 1887 1276 1941 toga

253 1946 354 2005 Deinde,
372 1946 411 1991 ubi
425 1947 467 2010 C.]
486 1945 545 1993 Hac
560 1943 667 2007 periodus
683 1942 732 1991 exi·
764 1952 814 1992 est:
845 1947 1002 2007 induiturque
1023 1947 1128 1993 humeris
1149 1960 1203 1992 curu
1227 1946 1275 1992 lato

221 2018 272 2059 tum
293 2023 341 2057 non
367 2008 445 2057 habet.
490 2008 602 2073 Apparet,
625 2008 733 2071 copulam
760 2024 873 2071 purpura
888 2011 961 2057 clauo.
994 2008 1071 2057 Iidern
1086 2009 1274 2071 ergolsticlavii:

221 2074 303 2123 ubiubi
320 2087 369 2121 esse
386 2072 513 2121 delendam
547 2072 668 2120 Acidalius
685 2072 733 2135 pri·
765 2072 836 2121 iidem
855 2073 998 2137 capessendis
1017 2074 1142 2123 honoribus
1162 2073 1277 2121 destinati.

221 2154 287 2186 mam
304 2136 374 2194 delet,
396 2138 559 2198 augebantur3
584 2144 611 2183 ut
628 2136 658 2182 sit
673 2148 733 2197 pun·
766 2137 852 2185 Noster
867 2139 906 2195 14,
923 2135 1088 2186 ib'Vaierim
1103 2139 1223 2185 Fabianus
1239 2149 1277 2183 ca.

222 2211 286 2251 ctum
296 2200 603 2265 postiurigneard.Gron.
617 2200 737 2256 ultimum,¹
761 2202 1158 2262 pereeudiebouaribmdertinatus.
1191 2202 1282 2249 Statius-

222 2276 276 2314 ante
293 2268 319 2313 ira
333 2266 435 2313 modum.
477 2264 542 2312 Illud
560 2264 634 2327 magis
651 2264 732 2327 placet.
766 2265 823 2312 Silv.
846 2266 872 2324 3,
895 2266 949 2312 124.
991 2268 1073 2313 Natus
1091 2268 1166 2313 adbuc
1184 2272 1277 2313 uittam

222 2330 295 2379 Ean.
318 2327 735 2391 Omnino‚uitimadeleta,apodosis
766 2330 864 2392 majoris
875 2344 971 2376 munere
988 2332 1056 2375 clavi.
1089 2329 1141 2376 Alii
1155 2338 1210 2376 eunt
1223 2330 1278 2376 Tri·

222 2394 395 2443 benesehabet.
767 2393 826 2439 buni
834 2392 952 2451 laticlavii,
961 2394 990 2442 de
997 2394 1082 2456 quibus
1089 2393 1139 2440 hec
1149 2405 1196 2439 non
1206 2394 1282 2457 capia·

257 2458 412 2520 Fcntiuasque
421 2458 537 2520 insignes]
547 2456 617 2504 Fam.
626 2456 736 2504 illustres.
767 2455 849 2504 Julius
859 2472 912 2520 ergo
923 2457 1052 2505 Montanus
1062 2455 1174 2506 Senatorii
1185 2456 1279 2518 quidem

225 2521 301 2571 Lina.
333 2521 471 2584 SicetAgr.
507 2522 578 2568 nar.
768 2520 821 2580 lud,
841 2522 881 2568 sed
900 2521 941 2584 qui
955 2521 1121 2586 Magistratum
1138 2519 1279 2566 adhucnul-

258 2588 293 2634 Et
310 2588 406 2646 quidam
417 2587 534 2646 permissa
550 2583 736 2650 remeiliccntie]
768 2585 820 2631 lum
844 2585 948 2647 cepiaact,
976 2594 1000 2634 et
1026 2593 1117 2632 tantum
1143 2583 1278 2632 laticlauios.

225 2647 263 2700 Sic
283 2649 337 2698 MS.
355 2649 417 2697 rior.
436 2649 471 2696 ed.
484 2664 518 2712 pr.
537 2646 647 2704 Pichena,
663 2649 736 2696 Gran.
769 2648 845 2696 lares.

225 2723 330 2776 uterque,
347 2713 460 2776 Ryckius·
499 2711 575 2760 Ceteri
594 2713 689 2772 puidam
705 2715 741 2759 aie
811 2715 879 2771 Quia·
895 2715 920 2759 oi
941 2713 1106 2776 camimum]
1131 2710 1187 2760 MS.
1214 2712 1278 2760 Flor.

226 2779 328 2825 miiiiic.
361 2776 432 2824 Eun.
770 2775 831 2838 lieg.
852 2776 915 2824 Bud.
932 2781 972 2825 aiu
988 2783 1148 2838 tempsanum
1168 2776 1231 2838 quod
1248 2785 1283 2824 est

258 2837 738 2904 Multipropriir]lilelius‚iuuiii.Ialrs.
771 2841 840 2888 etiarn
856 2841 880 2886 in
897 2841 932 2888 ed.
949 2857 985 2904 pr.
1000 2841 1056 2889 MS.
1074 2840 1153 2887 Guelf.
1171 2842 1212 2902 qui
1226 2843 1281 2887 acia

228 2903 565 2966 &annumerabitur
598 2903 670 2951 Ean.
743 2957 745 2960 ,
771 2910 829 2951 teat.
858 2904 918 2952 eod.
937 2905 996 2969 Agr.
1012 2907 1038 2952 ui
1055 2910 1215 2952 attenuarem.
1248 2905 1282 2952 Et

260 2972 294 3017 Iu
304 2970 399 3016 modum
415 2969 572 3032 captivitatis]
588 2967 676 3015 Divino
686 2967 742 3016 scri-
771 2966 1202 3023 sicvolebantRhenanusDanasius.
1228 2969 1282 3016 Hoc

227 3032 297 3082 bend.
315 3035 341 3080 iu
360 3033 454 3079 madum
472 3039 544 3096 captu
561 3033 672 3078 civitatis.
704 3031 742 3078 Ea
773 3045 828 3079 cum
843 3030 870 3078 J.
893 3033 965 3080 Gron.
982 3033 1117 3095 recepimus.
1150 3031 1214 3078 Nam
1228 3047 1283 3079 con-

229 3097 291 3144 enirn
310 3096 379 3144 facies
395 3096 481 3160 potius,
498 3109 569 3158 quam
589 3095 683 3142 carceris
701 3108 741 3141 cu·
773 3095 842 3142 aendt
852 3095 939 3143 vitiosis
947 3097 1019 3145 Mss.
1028 3095 1171 3143 lectionibus.
1203 3095 1284 3157 Vulgo

229 3160 343 3208 stodiaere.
383 3160 457 3207 lares.
503 3159 582 3205 Immo
599 3161 746 3220 captivitatis,
773 3157 849 3206 indea
861 3158 1193 3208 Puteolunoaimteutuutem.
1211 3159 1284 3206 Ean.

230 3239 325 3272 verum=
344 3239 390 3286 quo
406 3227 475 3272 verbo
489 3223 562 3270 utitur
580 3231 656 3269 noster
673 3223 742 3270 etiam
774 3223 839 3271 Bud.
861 3225 902 3284 qui
922 3227 977 3271 acia
996 3231 1013 3270 t.
1035 3223 1097 3273 unde
1117 3237 1187 3270 suum
1207 3222 1285 3270 Rhen.

233 3287 272 3345 11,
284 3289 323 3336 23.
337 3289 376 3346 16,
395 3289 430 3336 16.
445 3287 485 3336 ubi
499 3287 624 3348 captivitas
638 3287 742 3334 urbium.
774 3301 845 3350 quem
855 3295 915 3335 recte
925 3287 1021 3336 editores
1031 3287 1126 3350 plurimi
1136 3286 1215 3334 secuti.

230 3351 264 3398 Et
274 3350 366 3400 deberet
381 3367 428 3400 esse
442 3359 515 3414 capta
532 3351 604 3410 urbia,
621 3365 668 3398 non
684 3351 742 3398 civi-
763 3410 765 3415 Ι
808 3353 899 3398 Deinde
909 3354 1019 3414 agnitum
1030 3352 1149 3414 crovuat]
1162 3351 1238 3398 Miror
1246 3351 1285 3400 hic

230 3417 294 3462 terris.
328 3417 399 3464 Eun.
774 3414 847 3474 silere
867 3415 909 3478 qui
924 3430 997 3464 manu
1014 3425 1159 3464 exaratorum
1180 3415 1286 3463 codicum

262 3481 450 3541 dubiusquidem
461 3480 604 3542 Montanus]
618 3479 744 3526 Simemo-
773 3478 838 3527 fuere
858 3488 981 3542 compotes.
1025 3479 1125 3527 Videtur
1146 3478 1208 3526 enim
1230 3481 1285 3526 scri-

231 3543 266 3590 ria
287 3543 345 3591 milri
362 3543 437 3602 firma,
456 3552 525 3608 poeta
543 3543 639 3605 quidam
657 3558 684 3590 eo
699 3555 742 3590 no·
774 3543 846 3606 psisse
857 3543 961 3602 Tauium,
978 3545 1060 3591 deinde
1073 3550 1096 3590 et
1113 3546 1222 3604 agnitum
1233 3559 1286 3590 ara-

231 3607 295 3654 mine
313 3606 376 3670 apud
393 3609 503 3656 Senecam
520 3617 609 3670 patrem
628 3606 743 3654 laudatur.
774 3614 847 3655 serat.
881 3606 937 3654 Huc
946 3609 1045 3670 pertinet
1059 3607 1119 3653 illud
1129 3608 1167 3653 M.
1179 3607 1285 3654 Seuecm

232 3672 308 3719 hirs.
343 3671 467 3729 bocosyeat
481 3678 582 3720 controv.
602 3670 692 3718 insen
707 3669 743 3717 di-
776 3672 1030 3729 NibiIeetcrudeiim,
1043 3672 1286 3732 quamsicifflnderu

233 3749 312 3782 versus
330 3734 371 3782 ille
389 3737 419 3782 ab
437 3735 488 3782 hoc.
530 3734 630 3790 Qiaidem
647 3736 711 3782 abest
730 3749 744 3782 a
775 3737 892 3797 armagis
903 3738 935 3782 air
951 3738 1086 3795 rffcraurm,
1103 3737 1125 3780 ri
1140 3736 1286 3796 ratificerir.

232 3797 287 3846 Ms.
304 3797 367 3846 Bud.
387 3807 410 3845 et
426 3798 504 3846 Guelf.
521 3813 537 3845 a
550 3813 614 3845 man.
630 3812 665 3861 pr.
681 3797 744 3861 quod
776 3799 869 3846 iinon.
901 3799 1286 3862 RheneBudnotavitadagni-

233 3876 279 3908 non
299 3862 395 3910 omnino
413 3861 524 3925 displicet.
565 3862 630 3909 Nam
650 3863 745 3923 quidem
777 3870 835 3910 tum.
868 3863 945 3925 Ryck.
961 3863 1116 3911 idemesuo:
1133 3862 1285 3914 habeteted.

232 3925 288 3974 addi
308 3927 366 3974 solet
387 3925 507 3991 exemplis,
528 3940 581 3988 qua
600 3925 745 3988 superiorum
776 3942 811 3989 pr.
829 3926 934 3990 Rycirius
950 3929 1032 3989 probat
1049 3925 1209 3974 donecdonem
1225 3927 1287 3974 Gro-

232 3989 442 4038 confirmandorum
479 4005 558 4038 mussa
595 3989 745 4046 adsenmtu13
776 3991 845 4039 narii.
872 3989 1287 4052 Ap'l'ertullianumestadaguitio.

232 4054 296 4117 qnod
317 4053 417 4102 hicnon
438 4069 486 4102 esse
502 4052 600 4101 videtur.
640 4052 746 4111 Quidam
777 4053 839 4102 Mox
849 4054 905 4102 MS.
921 4054 983 4102 Flor.
1000 4053 1134 4118 (Rudied.
1150 4069 1186 4117 pr.
1197 4051 1289 4116 pieros.

232 4117 288 4164 editi
303 4117 413 4166 exhibent
427 4119 530 4179 quidam,
548 4116 587 4164 sed
601 4131 647 4164 non
664 4117 744 4164 escri-
778 4133 821 4178 quc
834 4119 987 4179 gladiatores,
1003 4118 1066 4180 quod
1076 4117 1165 4166 mutui
1179 4134 1222 4181 pro
1234 4120 1289 4179 gia·

233 4180 294 4240 ptis:
318 4181 402 4230 melius
419 4191 497 4229 tanren
516 4189 550 4230 est
566 4182 676 4244 vulgato.-
700 4181 745 4230 Ge·
777 4182 1115 4246 diotmaru5quamquam'hoc
1141 4197 1157 4228 u
1189 4198 1219 4229 ue
1228 4191 1289 4231 recte

233 4251 308 4288 terum
329 4244 399 4305 hujus
425 4246 513 4308 generis
538 4245 671 4294 nominibus
697 4259 744 4292 non
776 4245 866 4292 dicitur.
885 4198 1153 4305 romanserunde
1197 4247 1289 4294 roaldus

228 4301 366 4368 soletaddi,
380 4310 422 4358 sed
437 4309 545 4362 obscuris
580 4309 650 4358 Ean.
684 4309 745 4359 11111.
774 4309 1039 4372 gemmummmeritz
1057 4311 1134 4358 scite
1151 4311 1286 4370 Puteolano,
