3042 4950
232 230 303 271 ac.
323 207 391 289 sn]
591 212 669 271 nin.
689 214 758 271 xn.
787 216 873 273 car.
890 220 940 274 ss.
1254 211 1291 271 ar

231 375 382 459 sequitur,
398 388 433 440 ut
441 396 546 439 omnes
560 374 738 437 servitutem
748 373 909 460 accipiant.
930 375 963 438 Si
974 374 1079 438 statim
1088 369 1213 437 deditus
1227 383 1296 433 tra

231 455 336 533 derer;
360 482 459 545 neque
476 481 544 520 mea
562 458 698 535 fortuna,
720 479 822 541 neque
841 470 897 520 tua
917 456 1016 548 gloria
1034 456 1235 531 inclaruisset,
1255 468 1287 517 et

231 543 416 627 supplicium
427 542 488 604 mei
503 540 617 604 oblivio
631 555 826 626 sequeretur:
850 555 894 619 at,
908 542 933 604 si
947 540 1132 603 incolumem
1146 562 1285 602 servave-

230 626 283 701 ris,
295 640 445 689 aeternum
460 625 615 711 exemplar
630 625 799 689 clementiae
810 626 891 691 er0.”
933 625 989 689 Ad
999 648 1035 688 ea
1047 625 1152 687 Caesar
1161 624 1288 686 veniam'

228 709 349 795 ipsique
363 724 394 773 et
408 710 534 809 conjugi
549 723 579 773 et
593 710 741 774 fratribus
754 710 873 774 tribuit.
918 709 1026 796 Atque
1038 708 1094 785 illi,
1109 706 1218 769 vinclis
1231 730 1285 770 ex-

229 792 333 871 soluti,
343 794 550 881 Agrippinam
565 805 702 881 quoque,
711 795 797 858 haud
806 794 914 879 procul
924 794 985 857 alio
999 803 1148 890 suggestu
1162 790 1283 875 conspi-

229 899 331 952 cuam,
344 878 464 957 iisde'm,
480 880 594 966 quibus
609 878 796 964 Principem,
813 878 959 943 laudibus
976 879 1178 965 gratibusque
1193 897 1284 937 vene-

230 960 289 1025 rati
307 976 396 1027 sunt:
420 986 537 1027 novum
560 985 631 1027 sane
648 976 679 1027 et
697 962 835 1027 moribus
854 977 993 1027 veterum
1011 961 1179 1036 insolitum,
1194 958 1284 1022 femi*

230 1069 302 1109 nam
317 1046 411 1133 signis
425 1048 575 1110 Romanis
587 1046 770 1132 praesidere:
792 1046 860 1132 ipsa
874 1059 969 1111 semet
982 1047 1063 1134 parti
1082 1070 1101 1110 a
1114 1043 1285 1130 majoribus

231 1131 294 1195 suis
307 1131 351 1193 im
374 1131 429 1195 erii
443 1130 554 1193 sociam
567 1132 694 1195 ferebat.
1036 1177 1039 1179 ψ
1228 1149 1230 1152 ·

275 1217 349 1279 ΧΧ
389 1215 482 1279 VIII.
505 1212 617 1278 Vocati
627 1215 754 1311 posthac
769 1217 888 1294 Patres,
898 1215 998 1279 multa
1011 1227 1042 1277 et
1056 1213 1219 1311 magnifica
1233 1236 1284 1275 su-

229 1323 285 1387 per
299 1299 475 1385 captivitate
485 1297 642 1363 Caractacr
653 1298 838 1363 disseruere:
856 1307 878 1337 “
887 1322 989 1385 neque
998 1298 1101 1361 minus
1111 1298 1145 1359 1d
1153 1297 1283 1374 clarum,

254 1406 325 1447 uam
341 1406 412 1447 cum
429 1382 602 1467 Syphacem
622 1384 661 1449 P.
678 1382 792 1471 Scipio,
804 1386 920 1447 Persen
934 1388 973 1449 L.
990 1381 1130 1458 Paullus,
1142 1395 1174 1444 et
1188 1380 1214 1444 si
1227 1380 1283 1465 qui

229 1409 280 1531 ilii
291 1468 409 1531 vinctos
418 1468 522 1553 Reges
534 1467 657 1552 Populo
671 1468 761 1531 Rom.
772 1469 959 1532 ostendere.''
984 1454 1284 1531 censentur‘drste

229 1551 276 1614 rio
290 1551 439 1649 triumphi
453 1552 584 1635 insignia
595 1552 624 1624 ;''
644 1553 798 1637 prosperis
816 1553 856 1615 ad
874 1553 909 1615 id
926 1553 1020 1617 rebus
1039 1551 1118 1637 ejus,
1133 1573 1204 1613 mox
1219 1572 1285 1612 am-

229 1634 348 1735 biguis:
373 1660 446 1713 sive,
461 1634 557 1721 quod,
571 1650 674 1698 amoto
694 1636 871 1714 Caractaco,
885 1638 976 1735 quasi
989 1635 1177 1699 debellatum
1190 1634 1282 1711 foret,

229 1742 332 1783 nunus
346 1721 462 1784 intenta
475 1719 561 1816 apud
580 1742 636 1782 nos
655 1718 764 1783 militia
779 1720 857 1793 fuit;
883 1743 947 1785 sive
960 1722 1074 1797 hostes,
1089 1718 1283 1783 miseratione
1357 1740 1361 1749 ’

230 1804 307 1867 tanti
321 1804 429 1891 Regis,
444 1827 544 1867 aenus
558 1803 598 1866 ad
613 1803 761 1867 ultionem
775 1828 923 1869 exarsere.
968 1805 1157 1869 Praefectum
1171 1817 1285 1867 castro·

228 1911 299 1951 rum
319 1900 350 1952 et
362 1886 544 1974 legionarias
557 1888 708 1966 cohorteS,
722 1890 924 1952 'exstruendis
942 1890 1028 1975 apud
1048 1888 1167 1953 Siluras
1179 1887 1285 1973 praesi-

230 1972 289 2035 diis
309 1972 440 2049 relictas,
456 1971 719 2035 circumfundunt.
763 1972 823 2050 Ac,
846 1974 879 2035 ni
896 1975 958 2038 cito
976 1998 994 2037 e
1009 1973 1082 2036 vicis
1103 1984 1135 2036 et
1156 1970 1286 2036 castellis

229 2056 379 2141 proximis
407 2057 593 2143 subventum
620 2054 711 2134 foret,
733 2057 830 2142 copiae
857 2068 926 2121 tum
949 2057 1106 2121 occidione
1126 2055 1288 2126 occubuis-

266 2252 527 2329 Onbltpiolscqacretarl
544 2254 608 2317 Lego
625 2258 741 2329 sequetur,
773 2251 860 2302 Malim
867 2254 936 2331 etiam
943 2267 1015 2331 mox:
1023 2253 1287 2329 prmnpttsstmusqua-
1331 2296 1340 2307 ,

232 2314 675 2452 :litteratissimum
684 2318 744 2441 ..tt
775 2318 1102 2445 {multatim
1126 2316 1286 2439 {IMIS

233 2442 378 2503 incolumem,
398 2451 439 2492 etc
457 2440 532 2492 lires.
569 2445 607 2492 Sic
622 2446 672 2506 jam
690 2451 744 2492 ante
776 2458 812 2506 pr.
834 2444 874 2492 oed
899 2444 931 2492 sic
952 2444 1021 2492 etiam
1042 2443 1094 2491 edd.
1119 2441 1211 2489 Puteol.
1230 2440 1285 2489 Riv.

232 2505 366 2552 Rhenanus
394 2507 447 2570 Ego
456 2509 744 2570 recipereintextumnon
776 2507 849 2556 MSS.
862 2507 1013 2555 Flor.Guelt'.
1035 2507 1144 2554 Muretus
1155 2504 1288 2566 conjiciebat
1379 2523 1382 2530 ·

231 2567 334 2616 dubitavi
344 2576 437 2630 propter
447 2569 592 2629 evidentiam,
601 2571 664 2618 haud
675 2570 742 2633 paul·
775 2586 803 2616 oc
818 2573 845 2617 nt
867 2573 914 2618 cito
932 2586 944 2617 e
964 2572 1023 2616 uteo
1039 2579 1081 2617 etc.
1116 2569 1163 2616 Sed
1182 2568 1285 2616 Gronov.

232 2631 256 2678 lo
274 2632 394 2692 majorem,
413 2647 484 2694 quam
503 2642 556 2681 ante
573 2634 597 2680 in
615 2635 742 2682 cltentclis:
776 2634 843 2682 obs,
852 2637 876 2694 2,
892 2636 932 2682 20.
948 2635 1069 2695 vulgatum
1086 2631 1203 2679 defendit:
1227 2639 1287 2678 cete·

232 2693 295 2770 quod
305 2705 353 2741 tanr
361 2705 490 2771 constanter
499 2697 661 2772 stramnibuse
669 2695 744 2758 Lipsii
776 2711 829 2744 rum
840 2697 976 2745 sententiam
986 2711 1033 2743 non
1040 2695 1139 2770 expedit.
1162 2696 1227 2742 Nsrn
1233 2710 1287 2768 pro-

233 2759 744 2886 ttsztss‘erstr..tare
776 2759 1288 2879 summme

231 2885 357 2932 lineriohic
365 2887 583 2950 estsupplicatio,ut
591 2889 615 2946 3,
625 2888 665 2934 64.
675 2887 743 2935 male.
776 2887 890 2936 struendis
900 2888 966 2935 novis
976 2887 1086 2949 presidiis
1100 2883 1223 2946 occupatis,
1234 2899 1289 2931 mu-

232 2949 347 3010 Sequar
357 2949 588 3013 Rhencxingenio,
600 2965 655 2998 narn
666 2965 744 3012 sequt-
775 2950 899 2998 cientibus.
934 2951 1018 3013 Itaque
1039 2965 1086 2998 non
1104 2948 1209 3011 displicet
1229 2948 1289 2994 mihi

233 3019 298 3060 retur
308 3011 333 3058 in
344 3013 406 3060 Bud.
419 3021 441 3060 et
451 3013 495 3062 hoc
505 3015 589 3076 aptius.
776 3013 865 3061 Mureti
873 3015 1018 3074 *conjectura
1033 3029 1087 3077 que
1097 3021 1120 3060 et
1130 3012 1181 3059 aliis
1190 3011 1287 3074 placuit,

269 3077 360 3123 thclts
369 3077 480 3140 exsoluti]
499 3077 556 3126 cod.
568 3077 630 3126 Flor.
645 3085 669 3125 et
678 3077 743 3125 Bud.
776 3077 821 3124 nisi
834 3077 964 3141 praepositio
979 3077 1063 3124 omissa
1078 3084 1112 3124 est
1133 3075 1245 3136 consulto,
1262 3083 1290 3122 ut

233 3141 338 3186 absoluit.
365 3139 403 3187 Sic
412 3140 521 3187 Beroaid.
776 3141 800 3186 In
811 3141 944 3188 nominibus
953 3141 1056 3188 urbium.
1090 3141 1143 3186 Vici
1153 3138 1289 3200 intelligun-

154 3211 158 3218 '
260 3204 380 3250 Laudibus
383 3205 546 3267 gratibusque]
556 3205 617 3253 Iddd.
626 3213 744 3264 vettgra-
776 3212 822 3261 tur,
833 3203 858 3249 in
869 3204 954 3267 quibus
966 3203 1072 3267 praesidia
1088 3201 1198 3249 militaria
1207 3210 1288 3250 essent.

234 3269 335 3326 citaquu
353 3265 416 3329 quod
431 3281 493 3314 nunc
509 3261 584 3316 editur
599 3267 655 3316 MS.
672 3267 742 3314 Bodl.
777 3267 809 3314 V.
822 3266 1160 3329 Gronov.adAngcol.c.41.
1189 3267 1290 3313 Castalia

234 3329 310 3376 habet.
328 3329 399 3376 Enn-
778 3332 869 3390 oleique
885 3345 945 3394 saepe
952 3332 1084 3392 jungtmtur
1097 3337 1124 3377 ut
1136 3344 1173 3390 ap
1192 3327 1245 3376 Liv.
1265 3331 1290 3390 9,

226 3401 228 3406 '
267 3393 348 3453 Sigata
360 3395 537 3458 R.praestdarc]
548 3395 563 3440 i.
576 3411 596 3442 e.
610 3393 746 3456 intersigna
777 3395 818 3440 38.
828 3392 1291 3456 ubipariterturbantlibrariiinvIeiquc.

235 3455 343 3502 militaria
361 3457 411 3504 loco
424 3457 494 3517 edito,
507 3458 624 3512 tribunali,
640 3457 745 3520 Impera·
777 3457 862 3520 Neque
872 3465 950 3505 tamen
963 3456 1040 3520 lipsii
1049 3457 1191 3516 conjecturas
1200 3466 1292 3519 spreve-

235 3518 377 3577 torismodo,
388 3519 471 3568 sedere.
496 3521 528 3569 V.
539 3521 745 3570 dittaadSueton·
776 3521 830 3579 rim,
848 3520 973 3584 prasertim
991 3520 1097 3583 priorem.
1119 3519 1190 3566 Ean.
1226 3519 1291 3567 Bud.

234 3581 290 3630 Tib.
302 3583 324 3628 6.
353 3583 415 3630 Mox
424 3584 518 3644 posthoc
528 3593 582 3632 vett.
594 3584 644 3632 edd.
656 3599 744 3643 omnes,
776 3585 973 3647 quoquenuntiis
986 3590 1018 3630 et.
1045 3583 1122 3631 Rhen.
1138 3591 1217 3630 tamen
1232 3585 1291 3631 vicis

233 3645 263 3692 de
282 3660 329 3709 quo
346 3661 415 3710 supra
429 3647 483 3694 satis
499 3647 595 3696 dictum.
620 3647 690 3694 Enu.
716 3647 746 3694 ad
778 3655 809 3695 et.
840 3646 930 3694 Mureti
945 3648 1099 3708 conjecturam
1117 3661 1184 3694 suem
1203 3646 1291 3694 facium

234 3709 260 3768 3,
271 3711 294 3757 4.
766 3711 862 3758 'Faern
884 3710 954 3758 Acid.
978 3711 1061 3758 Heius.
1087 3710 1210 3773 Ingeniosa
1227 3711 1292 3774 'Bip

271 3774 365 3820 Vinctos
376 3775 465 3837 Reges]
483 3773 520 3822 Sic
537 3790 550 3822 e
567 3773 631 3821 Flor.
648 3773 747 3822 restituit
779 3773 1037 3822 emendantnaatiarset
1044 3781 1076 3822 et.
1098 3773 1228 3823 Sedvclsic
1234 3783 1293 3838 puto

169 3885 174 3888 ,
236 3835 345 3884 Pichena.
381 3836 417 3884 At
433 3837 466 3884 ita
478 3837 567 3886 dudum
582 3837 618 3884 ed.
631 3852 666 3899 pr.
684 3837 746 3885 idem
779 3837 963 3900 tegernscens.

235 3899 328 3947 exhibet
345 3898 399 3946 MS.
422 3901 501 3949 Guell.
518 3911 541 3948 et
556 3900 596 3947 alii
611 3915 648 3962 ap.
666 3901 748 3949 Brote·
815 3903 938 3948 occidione
948 3900 1292 3965 occ.]Vitiosevett.edd.copi.

235 3962 303 4010 rium.
331 3963 650 4014 Intermediaeomnesvietos.
676 3965 748 4012 Paul·
780 3980 851 4012 arum
862 3966 1147 4012 obsidioncoccabutrsesr.
1156 3964 1232 4012 Rhen.
1244 3966 1293 4028 pri-

235 4026 259 4072 lo
269 4035 322 4090 post
332 4027 385 4075 MS.
398 4028 457 4090 Reg.
476 4029 512 4076 ed.
527 4045 561 4092 pr.
578 4029 627 4074 slve
637 4030 697 4088 qnod
708 4029 749 4074 ho·
780 4041 834 4076 mus
852 4044 882 4076 ex
898 4027 991 4090 ingenio
1004 4027 1067 4074 dedit
1083 4029 1154 4089 cops‘oe
1167 4035 1218 4074 tum
1234 4031 1294 4075 occi-

238 4095 290 4136 stes.
305 4090 376 4137 Eun.
782 4093 1028 4139 denominassent.
1073 4091 1182 4137 Muretus
1203 4090 1294 4152 elegan-

270 4155 315 4211 Ac,
331 4156 358 4199 ni
368 4156 414 4200 etto
426 4154 493 4214 victa]
512 4153 620 4201 Editione
634 4155 715 4216 prisca,
727 4164 750 4202 et
765 4166 768 4172 ’
782 4166 816 4203 ter
833 4155 889 4202 corr'
908 4155 925 4201 't
943 4163 1052 4216 praterea
1067 4154 1210 4212 ocddtssent,
1232 4157 1295 4217 quod

239 4215 376 4276 quibusdam
394 4217 492 4279 scriptis,
510 4220 555 4264 cito
570 4221 669 4266 nuntiis.
706 4219 751 4266 Su·
783 4219 853 4266 etiam
871 4169 1020 4281 excripserat
1035 4217 1071 4264 vir
1086 4216 1167 4263 doctus
1182 4217 1206 4263 in
1222 4232 1296 4283 marg.

238 4278 321 4338 spicor,
338 4282 364 4324 ut
377 4282 431 4326 cttts
451 4282 541 4327 nuntiis
555 4295 567 4326 e
583 4284 692 4342 castellis,
709 4281 768 4329 nisi'
786 4281 935 4344 Gryphianae.
957 4277 1001 4327 E'st
1008 4278 1101 4343 propria
1107 4278 1245 4328 Latinorum
1251 4283 1298 4330 for-

238 4341 321 4404 placet,
340 4343 366 4388 ni
383 4345 429 4390 cito
446 4346 581 4405 maranata
604 4351 625 4392 et
648 4347 754 4393 castellis.
786 4346 860 4403 mula,
872 4347 986 4392 occidione
996 4343 1106 4400 occidere,
1122 4351 1197 4406 utap.
1208 4344 1260 4394 niv.
1273 4349 1297 4407 2,
