3042 4950
210 240 363 312 neos]
543 243 619 302 ΜΒ.
636 243 700 303 xv.
729 245 817 305 car⁴
839 247 887 314 70,
902 249 949 310 71.
1201 250 1255 323 32¹
1332 200 1335 206 -

210 399 328 477 mittit3
365 400 520 487 jubetque
553 410 574 441 “
589 406 758 490 praevenire
786 422 925 477 oonatus,
943 408 1098 487 Consulis,
1127 431 1257 495 occtrpa-

212 506 246 546 re
274 486 360 549 velut
395 508 496 549 arcem
524 489 602 585 ejus,
632 491 808 577 opprimere
836 493 986 557 delectam
1016 496 1213 581 juventutem
1229 497 1259 566 ;''

210 568 284 654 quia
310 570 454 634 Vestinus
477 570 658 637 inminentes
683 575 752 640 foro
777 577 860 641 aedes
883 577 1056 663 decoraque
1080 579 1203 641 servitia
1226 595 1258 643 et

209 653 277 738 pari
293 667 384 718 aetate
404 655 548 721 habebat.
593 660 717 723 Cuncta
737 684 775 724 eo
795 661 846 725 die
866 662 973 725 munia
996 663 1140 726 Consulis
1160 663 1257 748 inple-

209 750 307 817 verat,
329 740 568 827 conviviumque
586 742 770 822 oelebrabat,
786 745 863 809 nihil
881 758 1032 823 metuens,
1051 768 1091 809 an
1113 747 1257 810 dissimu-

209 819 303 886 lando
328 837 436 898 metu3
469 848 541 889 cum
565 825 694 923 ingressi
722 830 844 908 milites,
875 834 1013 894 “vocari
1039 853 1112 894 eum
1136 843 1157 893 a
1182 832 1257 893 Tri-

209 904 325 987 buno,','
339 909 455 999 dixere,
499 909 568 989 Ille,
584 912 660 974 nihil
674 910 862 992 demoratus,
877 915 1035 1000 exsurgit:
1058 926 1089 979 et
1100 915 1204 992 omnia
1218 916 1257 977 si-

210 992 275 1055 mul
297 1000 522 1079 properantur:
545 996 701 1061 clauditur
721 998 874 1076 cubiculo,
896 1011 1014 1084 praesto
1036 1013 1083 1063 est
1107 1000 1255 1077 medicus,

209 1076 434 1161 abscinduntur
443 1101 540 1155 venae,
555 1080 663 1165 vigens
672 1081 776 1145 adhuo
790 1082 900 1146 balneo
908 1082 1051 1161 infertur,
1066 1084 1165 1164 calida
1175 1108 1257 1169 aqua

210 1176 371 1238 mersatur,
387 1161 473 1225 nulla
483 1164 565 1227 edita
579 1187 664 1241 voce,
679 1187 743 1249 qua
758 1180 853 1230 semet
863 1167 1069 1232 miseraretur.
1113 1168 1256 1232 Circum-

209 1244 273 1309 dati
287 1246 410 1309 interim
425 1246 574 1323 custodia,
589 1248 645 1332 qui
666 1248 759 1313 simul
776 1249 1010 1328 discubuerant,
1024 1273 1092 1328 nec,
1107 1252 1166 1315 nisi
1187 1275 1258 1338 pro-

208 1342 295 1393 vecta
309 1342 409 1409 nocte,
425 1330 527 1394 omissi
542 1344 624 1411 sunt,
636 1345 801 1419 postquam
816 1356 961 1419 pavorem
971 1358 1091 1412 eorum,
1101 1359 1140 1398 ex
1152 1337 1258 1401 mensa

207 1414 340 1477 exitium
354 1415 590 1513 opperientium,
602 1428 634 1481 et
646 1418 833 1505 imaginatus
846 1432 877 1482 et
889 1419 1027 1483 inridens
1037 1420 1136 1498 Nero,
1152 1428 1174 1458 ‘⁶
1185 1423 1257 1483 satis
1285 1419 1288 1423 ⁴

209 1499 353 1585 supplicii
363 1500 488 1578 luisse,”
501 1500 555 1580 ait,
572 1510 660 1588 “pro
673 1526 691 1565 e
714 1502 775 1566 ulis
789 1503 1041 1569 consularibus?
1118 1502 1123 1513 “

183 1662 185 1665 ¹
252 1586 370 1649 LXX.
387 1585 473 1649 Exin
488 1587 536 1647 M.
551 1586 666 1651 Annaei
681 1526 930 1652 liucanicaedem
944 1588 1086 1675 imperat.
1130 1590 1173 1666 Is,
1184 1613 1257 1676 pro-

209 1668 325 1734 fluente
350 1670 509 1754 sanguine,
538 1672 592 1735 ubi
614 1671 780 1758 frigescere
800 1672 895 1758 pedes
915 1694 1010 1737 manu
1047 1697 1087 1737 ue
1109 1686 1141 1737 et
1169 1676 1258 1762 paul-

208 1752 294 1817 latim
316 1754 357 1817 ab
381 1755 525 1818 extremis
545 1756 828 1843 cedere-spiritum,
849 1756 971 1820 fervido
996 1756 1037 1821 ad
1060 1781 1100 1821 uc
1120 1772 1152 1822 et
1175 1782 1257 1823 com-

208 1855 281 1924 pote
295 1838 405 1904 mentis
426 1854 560 1925 pectore,
581 1840 743 1927 intelligit;
766 1841 945 1906 recordatus
958 1864 1080 1907 carmen
1095 1866 1115 1905 a
1128 1866 1160 1910 se
1176 1866 1259 1906 com-

208 1924 355 2020 positum,
385 1947 449 2009 quo
484 1923 680 1990 vulneratum
713 1925 853 2004 militem,
883 1948 939 2011 per
966 1926 1119 2012 ejusmodi
1151 1927 1259 1990 mortis

208 2008 373 2094 imaginem
395 2008 505 2073 obiisse
526 2010 705 2089 tradiderat,
721 2033 828 2075 versus
847 2010 931 2095 ipsos
949 2010 1071 2074 retulit:
1094 2033 1193 2096 eaque
1214 2010 1259 2074 illi

209 2115 354 2180 suprema
367 2117 430 2157 vox
450 2093 519 2157 fuit.
566 2096 692 2159 Senecio
710 2094 839 2180 posthac
858 2107 889 2157 et
911 2094 1115 2170 Quinctianus
1133 2108 1164 2158 et
1186 2095 1259 2159 See-

209 2176 310 2254 vinuS,
332 2200 395 2241 non
416 2172 455 2242 ex
499 2178 579 2241 riore
601 2179 673 2242 vitae
692 2178 831 2257 mollitia,
852 2200 927 2258 mox
948 2177 1059 2264 reliqui
1080 2179 1257 2265 conjurato-

210 2284 279 2325 rum
335 2263 424 2340 riere‚
437 2200 524 2326 nullo
538 2263 621 2326 facto
634 2263 755 2327 dictove
769 2262 979 2326 memorando.

252 2348 281 2409 L
320 2346 380 2411 XI.
405 2346 465 2410 Sed
480 2347 626 2433 oompleri
647 2347 770 2413 interim
792 2348 867 2410 urbs
884 2347 1058 2424 funeribus,
1077 2348 1257 2435 capitolium

207 2430 358 2497 victimis:
383 2431 462 2498 alius
483 2430 556 2511 filio,
577 2431 672 2518 fratre
693 2431 782 2512 alius,
805 2435 860 2497 dut
881 2432 1066 2521 propinquo,
1084 2446 1139 2496 aut
1160 2433 1258 2498 amico

249 2669 384 2731 pecoraque
402 2669 498 2716 servitia
519 2677 541 2717 et
557 2670 615 2730 pari
635 2671 715 2734 mate]
746 2660 902 2717 custodinms:
920 2675 947 2715 ut
962 2665 1259 2724 maninuatamnitterel,

207 2730 332 2790 Existimo,
344 2731 477 2796 pedagogia
494 2733 613 2781 describit:
631 2733 656 2781 id
673 2741 715 2793 est,
747 2737 787 2780 ⁵1.
820 2732 891 2779 Ean.
922 2730 999 2778 Rhen.
1015 2732 1102 2776 emissi.
1136 2729 1205 2779 ,Bud
1224 2738 1259 2777 ta·

205 2803 289 2843 ooetum
298 2795 436 2858 elegantium
447 2810 580 2857 puerorum,
588 2811 646 2859 quos
654 2811 716 2844 eom-
747 2809 802 2843 mm
812 2797 905 2852 ambio,
917 2794 997 2842 vitiose
1006 2793 1060 2841 lieet
1068 2806 1111 2856 pro
1120 2796 1208 2840 omui&

205 2859 279 2922 posita
287 2867 356 2917 reste,
365 2858 430 2913 facie,
439 2858 716 2922 capiuminpublioobs-
791 2861 832 2906 Er
855 2873 934 2905 inem
954 2859 1055 2904 critiam
1076 2857 1258 2920 oppulentiam]
1277 2892 1279 2899 ,

205 2924 298 2980 bebant,
319 2931 342 2969 et
360 2923 497 2985 plerumque
515 2937 563 2970 una
579 2931 660 2970 atate:
685 2923 718 2970 sic
748 2921 805 2969 Non
826 2921 982 2970 dubitavimus
1006 2934 1094 2967 serrare
1117 2935 1147 2966 en
1172 2934 1259 2980 omero,
1345 2969 1349 2976 ,

205 2985 339 3048 ᾱίοΜιιίιι
349 2985 534 3048 subpndagogn
568 2986 717 3045 alumnus,
748 2985 812 3048 quod
827 2999 841 3032 e
856 2985 985 3046 oonjaeuna
1000 2984 1082 3031 Fraoe
1105 2983 1205 3031 Medius
1226 3000 1262 3032 re·

206 3050 247 3106 56,
260 3049 300 3097 30.
331 3051 375 3108 Et,
382 3051 511 3110 pedagogo
520 3063 566 3096 aon
569 3051 673 3112 jubente,
685 3051 718 3096 lo-
748 3048 810 3111 eepit
831 3047 936 3113 Freinsh.
953 3091 956 3097 ,
977 3048 1083 3095 Firmum
1103 3047 1177 3094 MSS.
1192 3047 1260 3095 'Flos

175 3113 179 3120 '
206 3114 266 3162 snivi
285 3113 373 3162 Parere
387 3114 493 3173 gaudent
512 3113 588 3169 villico
607 3115 718 3175 capillati.
750 3111 834 3176 (Agr.)
850 3111 929 3159 Guelf.
944 3111 996 3159 edd.
1011 3119 1064 3158 ante
1079 3109 1159 3158 Rhen.
1174 3124 1262 3166 omnes,

207 3175 280 3222 Plura
290 3191 358 3239 super
373 3175 422 3226 istis
437 3175 462 3222 in
473 3175 580 3224 Excursu
595 3176 626 3225 B.
643 3177 718 3224 LIPS·
749 3176 791 3240 qui
801 3176 888 3224 habent
897 3181 920 3222 et
930 3189 1020 3223 mmsoe.
1052 3173 1181 3221 Rhenanus
1191 3173 1263 3222 edidit

206 3238 322 3302 copulam
333 3238 492 3288 ctnonhabet
502 3240 564 3287 Bud.
749 3254 804 3286 oum
825 3255 889 3302 seqq.
911 3239 1043 3296 immineas,
1067 3238 1131 3301 quod
1149 3246 1205 3284 tane
1224 3237 1262 3284 hic

241 3304 427 3365 Canusiumque
441 3301 576 3368 cremabat]
592 3303 630 3352 Sic
645 3303 717 3352 MSS.
749 3301 836 3365 friget:
864 3316 912 3349 non
931 3301 1068 3349 imminebat
1088 3300 1195 3359 exitium,
1221 3301 1262 3348 sed

207 3365 269 3414 Flos.
278 3367 355 3415 Guell.
364 3368 400 3416 ed.
411 3381 446 3430 pr.
454 3367 607 3423 Recte3nam
618 3367 720 3430 sequitur
748 3367 926 3429 opperiebanmr
941 3364 1005 3413 velut
1019 3363 1150 3438 inminens.
1187 3365 1259 3437 Ean.

206 3432 719 3552 tttt‘ttutvrtrt‘t‘tttt
748 3429 1049 3554 {dmm
1064 3426 1263 3564 4Ἒῇωρᾞὲ

207 3557 284 3620 (aede
299 3557 375 3620 Bud.)
392 3559 445 3606 feeit
457 3560 562 3606 celebrat.
593 3558 669 3606 Vetus
684 3575 721 3607 re-
748 3557 861 3604 mendum
889 3565 924 3604 est
949 3555 1033 3604 visum.
1077 3554 1147 3601 soeus
1173 3553 1262 3613 Judroat

205 3621 281 3670 stituit
291 3620 399 3668 Picha.
431 3623 503 3670 Ean.
749 3620 863 3683 Ryckius.
905 3619 962 3667 Non
979 3617 1077 3666 dubium
1098 3625 1185 3675 umen,
1204 3616 1262 3681 quin

240 3685 281 3732 Aa
298 3686 351 3734 dise.
368 3687 445 3748 metu]
478 3685 640 3734 Steunene
657 3684 720 3734 Bud.
749 3699 779 3732 ea
789 3699 929 3743 marera
939 3681 1051 3730 sitlectio.
1166 3720 1176 3730 ,

208 3748 340 3810 Legebatm
349 3748 472 3812 prlusaut.
790 3749 827 3795 M.
855 3747 953 3810 Aunes]
981 3745 1020 3792 Sic
1043 3743 1139 3793 feliciter
1163 3743 1262 3792 restittit

240 3813 413 3876 Miseraretur]
436 3811 501 3866 ΒΜ,
520 3813 582 3861 male
599 3815 719 3860 mamere·
749 3811 880 3885 libentur
888 3808 1001 3873 ingenio.)
1033 3806 1100 3856 Libri
1111 3808 1263 3856 omnesvarie
1292 3803 1298 3814 ’

208 3883 255 3924 tar.
749 3873 940 3937 compsinum
950 3872 1049 3921 nomine.
1082 3869 1156 3917 Ean.

243 3940 332 3988 Omiesi
342 3939 408 4004 aaut]
425 3940 463 3990 Sic
476 3940 550 3990 MSS.
565 3940 628 3988 rior.
642 3940 720 3988 Guelf.
786 3941 872 3985 Veraci
882 3939 944 3999 ipsos
958 3935 1052 3997 retulit]
1070 3933 1132 3980 Sunt
1144 3932 1208 3984 haud
1218 3931 1262 3980 du-

208 4004 245 4051 ed.
266 4004 356 4051 Puteol.
377 4004 439 4066 quod
452 4004 599 4068 recepi„etsi
621 4003 718 4051 alterum
748 4000 937 4061 baudastis.
969 3998 1263 4055 &inhumanissimos

209 4068 295 4126 emissi,
313 4067 376 4130 quod
391 4067 486 4130 rellquoe
502 4067 553 4114 edd.
575 4067 669 4126 habent,
686 4075 720 4114 et·
749 4068 810 4112 sieat
826 4066 922 4111 aalma
939 4064 1036 4123 sanguis
1052 4061 1161 4110 Emicuit
1178 4061 1262 4119 katar,

209 4130 256 4180 iam
267 4130 355 4178 bonum
366 4143 457 4184 sensum
470 4131 546 4179 habet
580 4130 626 4180 Sed
641 4131 721 4178 emim
750 4131 829 4192 raptis
844 4122 1018 4186 carduum
1034 4125 1108 4182 nmis,
1123 4125 1264 4200 Ducarius-

210 4193 301 4252 melins,
310 4193 373 4258 ‘quia
389 4193 490 4242 maxime
503 4195 542 4242 hic
558 4193 675 4256 respicimr
690 4193 721 4241 ad
751 4207 794 4254 que
804 4190 993 4239 animadversa
1007 4190 1034 4235 ia
1046 4189 1150 4235 mmtra
1165 4192 1264 4260 mertias

210 4256 333 4305 discessum
346 4257 462 4306 numdioe.
494 4257 582 4306 Omissi
597 4265 653 4305 sunt
667 4271 720 4320 ergo
750 4259 899 4318 Interceptae
915 4255 990 4314 aquis.
1022 4251 1097 4300 Iura.
1127 4250 1264 4298 Vertrnnrua

211 4321 373 4369 aeustodibus.
405 4321 510 4369 Verbum
522 4325 627 4369 enatuere
641 4330 664 4368 et
679 4335 720 4368 no·
751 4319 890 4368 credebatin
932 4319 937 4328 '
955 4317 1053 4364 ‘rmus
1063 4321 1088 4372 9,
1097 4313 1232 4361 805-814.

211 4392 259 4430 stro
276 4393 299 4431 et
317 4385 368 4432 aliis
390 4384 472 4432 dicitur
494 4386 522 4433 de
543 4387 579 4444 iis,
602 4401 654 4448 quae
675 4398 721 4433 non
787 4384 941 4437 Quinctianae
969 4379 1033 4428 Bud.
1045 4378 1214 4434 Quintilianus,

258 4467 329 4510 VOL.
347 4467 384 4513 11.
990 4464 1012 4509 Y
