3042 4950
239 241 297 299 sao
470 221 473 225 ’
631 244 862 308 annuerunt
1126 247 1298 322 [nasis.

237 414 311 481 tate,
327 401 495 487 prudentes
508 404 629 473 diversa
642 408 737 487 fama,
753 408 860 473 tulere.
904 410 956 474 Ac
973 407 1054 473 forte
1067 406 1300 494 quinquennale

236 485 393 551 ludicrum
407 490 543 571 secundo
555 490 654 555 lustro
668 493 901 558 celebrabatur:
915 517 935 558 n
947 491 1159 559 narratoribus
1172 491 1301 556 oratori-

236 571 359 658 busque
379 574 537 661 praecipua
550 576 679 641 materia
694 578 728 641 in
746 577 872 642 laudem
886 578 990 643 Princi
1012 580 1040 643 is
1053 576 1221 662 adsumpta
1233 590 1296 641 est:

238 658 431 735 “nonenim
445 672 567 725 tanturn
585 660 688 726 solitas
705 662 823 749 fruges,
839 686 894 727 nec
915 685 967 727 me
1009 663 1046 727 lis
1064 663 1229 725 confusum
1242 685 1299 725 au-

236 752 307 805 rum
316 764 419 893 grgssr,
434 745 488 809 sed
501 768 582 810 nova
596 748 736 845 ubertnte
745 747 908 834 provenire
922 759 1047 824 terram,
1062 758 1094 810 et
1104 746 1210 810 obvias
1220 769 1298 896 ppes

235 824 356 891 deferre
403 852 454 893 eos
465 831 496 904 ;”
508 854 644 980 quaeque
657 832 727 911 aha,
739 854 862 896 summa
873 832 1020 897 facundia
1030 854 1087 895 nec
1095 830 1213 895 minore
1262 855 1298 895 u-

235 910 359 993 latione,
373 914 494 977 servilia
530 938 591 1001 nge
613 932 678 995 ant,
695 916 794 981 securi
807 916 846 981 de
861 916 1006 981 facilitate
1020 916 1181 981 credentis.

277 997 339 1061 ΙΙΙ.
367 998 525 1063 Gliscebat
545 1000 668 1065 interim
687 1001 813 1065 luxuria
834 1006 888 1087 spe
906 1000 1001 1080 inani,
1021 1003 1297 1067 consumebantur·

234 1102 297 1229 plue
318 1094 436 1148 veteres
457 1106 542 1182 opes,
564 1086 652 1182 quasi
673 1086 796 1164 oblatis,
811 1110 889 1184 quas
909 1086 1025 1150 multos
1115 1108 1211 1150 annos
1224 1110 1297 1173 pro-

260 1166 364 1252 'geret
420 1170 504 1245 Qum
525 1183 556 1233 et
576 1170 649 1235 inde
665 1172 733 1257 jam
753 1171 962 1257 largiebatur3
984 1187 1015 1236 et
1064 1170 1219 1235 ivitiarum
1241 1195 1296 1235 ex-

235 1252 382 1337 spectatio
403 1253 483 1317 inter
504 1276 627 1319 mussas
650 1256 842 1343 paupertatis
862 1254 997 1341 publicae
1017 1270 1102 1319 erat:
1126 1279 1198 1320 nam
1218 1258 1297 1320 Bas·

234 1358 296 1419 sus,
318 1337 427 1402 effosso
448 1361 524 1425 agro
546 1363 603 1403 suo
625 1340 757 1425 latisque
779 1339 895 1405 circum
918 1340 1011 1417 arvis,
1034 1340 1110 1403 dum
1134 1342 1218 1406 hunc
1242 1339 1295 1405 vel

232 1518 311 1557 tamen
333 1508 427 1556 landem
451 1524 517 1557 susm
541 1524 588 1557 non
611 1511 747 1559 invidemus.
780 1510 899 1559 Patavinis
920 1510 1006 1574 tragico
1026 1510 1116 1571 hubini,
1138 1509 1202 1557 haud
1223 1510 1295 1559 dubie

234 1574 326 1620 Gnou.
370 1572 472 1619 Pichena
483 1576 585 1635 popalus
597 1577 653 1637 plus
668 1588 714 1623 non
736 1590 749 1623 e
780 1590 851 1623 snum
867 1590 968 1623 oermen.
1000 1575 1072 1638 Spero
1088 1589 1135 1622 non
1151 1574 1295 1635 improbatu-

233 1635 289 1685 MS.
307 1636 370 1683 Mor.
387 1636 427 1684 sed
441 1636 477 1685 etl.
493 1638 582 1685 Veneta
599 1642 633 1699 (et
648 1639 748 1687 nonnul-
779 1654 818 1686 ros
831 1640 891 1686 viros
900 1639 979 1687 doctos
993 1639 1054 1686 hanc
1067 1637 1234 1686 correctionem.
1267 1640 1293 1687 Α

231 1700 430 1759 lisuliis)lnudat
463 1701 703 1750 Boxhorniusverum
712 1703 747 1751 ri.
779 1705 871 1749 natibus
881 1702 965 1766 recepit
975 1703 1101 1751 Brotarius.
1127 1701 1199 1749 Eun.
1226 1701 1294 1749 Pich.

232 1764 274 1811 dit.
310 1766 646 1815 PlssrabestetsMS.Guelf.
659 1765 746 1829 (uua)
778 1766 1154 1829 volebntabadulatoribus,quis
1169 1778 1225 1811 mox
1235 1766 1294 1813 ndu.

232 1828 268 1875 ed.
279 1843 315 1890 pr.
327 1828 405 1877 Rhea.
416 1844 466 1891 sqq.
500 1830 580 1877 Habet
591 1831 681 1878 Puteal.
692 1831 747 1879 Ber.
778 1830 870 1878 lationis
880 1831 974 1877 mentio.
1008 1830 1138 1878 Hmluc.
1153 1830 1294 1878 lavellus

231 1890 286 1939 Al'c.
299 1891 363 1941 Tum
374 1892 444 1938 iidem
454 1896 672 1955 omnesprodearm
684 1895 748 1957 quod
778 1896 861 1955 probet
877 1896 914 1942 rel
925 1894 1008 1958 ,Iripsii
1024 1910 1051 1941 ac
1069 1895 1169 1941 vatibm.
1184 1892 1240 1956 Bip.
1257 1895 1293 1941 le-

232 1970 287 2004 num
307 1956 342 2003 nil
362 1955 426 2002 uliud
448 1965 507 2005 esset
527 1973 599 2020 quam
620 1960 748 2020 prudentes
778 1966 867 2018 ganta
883 1960 1053 2019 narratoribus,
1070 1958 1087 2006 i.
1103 1973 1122 2005 e.
1138 1958 1219 2020 postis,
1239 1956 1293 2021 qui·

231 2021 272 2079 (ut
283 2018 352 2083 supra
363 2021 455 2066 torrida
465 2036 507 2083 pro
517 2023 611 2069 turbida
620 2030 642 2069 et
653 2037 747 2070 sexcen-
778 2022 822 2069 bus
837 2022 885 2070 scil.
901 2022 1037 2070 tribuuntur
1051 2021 1199 2077 mustiones,
1213 2036 1294 2069 nana

232 2084 746 2149 taslir),aeperelibrariiprogenitivopar.
778 2084 888 2135 tinnculse
904 2102 942 2148 ap.
955 2086 1052 2145 Quinct.
1067 2090 1127 2145 24.
1145 2086 1166 2140 l,
1184 2088 1206 2133 9.
1239 2086 1294 2133 Etsi

232 2147 305 2211 ticipii
316 2164 330 2195 a
333 2150 443 2210 prodere,
452 2156 475 2195 et
485 2149 545 2196 eirei
553 2151 747 2198 numerumverbi
777 2149 822 2197 hoc
849 2165 896 2197 non
920 2150 975 2197 satis
1004 2150 1111 2209 arrideat,
1136 2149 1294 2212 recipiendum

232 2212 440 2271 accommodavere,
465 2212 623 2277 dederuntque
651 2216 745 2274 tulerat,
778 2223 844 2275 puto,
866 2214 952 2277 quippe
971 2214 1035 2277 quod
1052 2213 1157 2278 proxime
1178 2213 1208 2261 ad
1228 2214 1294 2261 Flor.

230 2290 274 2339 pro
284 2279 398 2335 tulerunt,
412 2286 491 2324 sutnt
507 2276 593 2325 eFlor.
607 2276 691 2339 editur,
708 2286 746 2325 tu·
776 2276 897 2325 lectione·
908 2278 1002 2326 aceedit.
1246 2279 1250 2286 '

230 2342 285 2387 lere.
328 2342 460 2388 Prudenter
476 2343 550 2389 tulere
566 2342 656 2405 primus
674 2343 747 2390 edidit
821 2343 953 2389 Proventre
975 2344 1064 2405 terras]
1094 2344 1167 2389 Nova
1188 2343 1293 2389 ubertate

231 2404 370 2465 Gronovius,
393 2402 456 2467 quod
477 2420 558 2454 verum
579 2415 620 2453 est.
671 2406 746 2454 Miror
773 2409 900 2467 praecurre
915 2415 992 2454 terras
1007 2415 1042 2455 est
1057 2420 1117 2454 noro
1131 2406 1293 2469 gmerefaetns

230 2468 349 2531 Ryclrinm
359 2468 587 2533 resiperedubitssse.
622 2468 746 2520 Termine·
777 2485 826 2518 esse
841 2470 952 2519 fecundas
970 2480 993 2518 et
1013 2470 1105 2519 fertiles.
1138 2468 1177 2520 Sic
1193 2468 1293 2518 Plautus

230 2533 299 2581 boat
315 2534 405 2582 videtin
421 2542 515 2582 natasx
529 2534 639 2598 acquod
655 2545 746 2584 nonen
776 2533 1027 2595 inhumanat
1062 2537 1167 2596 Cmuque
1177 2537 1293 2596 bencpro-

230 2597 255 2644 in
272 2597 328 2646 MS.
345 2597 425 2646 Guell.
457 2599 529 2647 Eunt.
569 2599 621 2648 Nec
638 2598 664 2647 in
682 2599 744 2649 Bud.
777 2601 863 2646 venun
880 2602 952 2654 salva,
967 2601 1065 2662 gaudeo.
1098 2599 1133 2648 Et
1153 2599 1234 2647 endem
1255 2599 1292 2646 fa.

232 2660 405 2710 Idemtubrrat.
777 2663 953 2725 balaanan
976 2664 1291 2725 Cumtureetspraverristi,

265 2727 447 2788 oratoribusque
459 2730 594 2792 precipua]
614 2728 691 2776 Vstic.
710 2729 746 2791 (et
777 2741 873 2787 rumque
901 2744 925 2775 es
954 2734 1023 2774 aucta
1053 2730 1138 2782 liberis,
1168 2728 1292 2776 Gratulor.

231 2787 306 2850 Bud)
318 2791 478 2838 abaratoribus
489 2794 669 2854 oratoribusque.
697 2792 744 2842 Ire.
778 2791 870 2838 Gnort.
907 2794 1006 2838 Terram
1026 2791 1098 2840 MSS.
1127 2792 1189 2840 Flor.
1209 2790 1292 2838 Guelf.

230 2853 311 2916 gerim,
339 2868 368 2900 ac
390 2855 521 2902 rhetoribus
549 2859 743 2918 matcrtbmque3
777 2854 864 2917 (Bnd.)
889 2863 913 2902 et
937 2854 986 2912 elii,
1009 2856 1044 2902 ed.
1071 2872 1107 2919 pr.
1123 2855 1186 2918 quod
1207 2855 1293 2918 recepi.

231 2917 276 2977 rel,
288 2920 413 2966 acamibus
422 2921 602 2982 oratoribusque.
633 2920 709 2981 Certe,
721 2930 744 2968 et
776 2918 838 2966 und.
854 2927 934 2967 cetae
948 2927 1002 2966 aute
1018 2919 1095 2967 Rhea.
1113 2926 1200 2965 terrae:
1224 2919 1293 2966 locus

230 2989 293 3029 vetes
318 2989 342 3029 et
363 2991 462 3031 oratores
487 2984 576 3032 musico
601 2983 642 3032 illo
671 3000 744 3048 agone
775 2983 826 3044 ipse
841 2983 905 3031 verbi
924 2983 1018 3038 indicet,
1034 2983 1059 3030 ib
1074 2999 1154 3030 verum
1170 2997 1216 3029 non
1233 2998 1290 3030 esse.

230 3054 329 3094 certasse
339 3046 430 3095 seimus.
470 3048 545 3095 iares.
587 3048 668 3096 Etiam
682 3049 746 3096 Flor.
777 3046 1052 3106 Rhenanusdedit(ex‘
1085 3046 1147 3105 anio)
1160 3054 1291 3094 terracnm

231 3111 394 3158 muratoribus
409 3115 589 3174 aratmbusqsse.
634 3113 669 3159 At
688 3113 745 3162 MS.
774 3125 839 3174 seqq.
871 3111 1023 3174 Atanipsio
1037 3110 1062 3158 in
1102 3111 1190 3158 editum
1205 3117 1291 3158 terras.

229 3174 311 3222 Guelf.
329 3175 364 3224 ed.
382 3190 418 3238 pr.
436 3175 534 3239 aliaque
550 3184 605 3224 vett.
624 3184 652 3223 nt
670 3176 745 3226 Vatic.
776 3175 834 3223 Post
844 3177 938 3223 seruilia
954 3190 1039 3234 rerem,
1050 3190 1080 3222 ne
1093 3177 1188 3235 ingenio
1198 3174 1290 3221 excide·

231 3238 262 3285 In
273 3239 332 3300 Agr.
347 3239 408 3287 libro
422 3241 449 3286 ab
465 3242 605 3300 auctoribus,
619 3239 683 3303 quod
695 3241 746 3304 pls·
775 3238 812 3286 rit
846 3239 911 3286 Nam
930 3241 1026 3286 servilia
1040 3239 1139 3301 intelligi
1153 3248 1249 3300 possunt
1264 3239 1290 3284 in

231 3311 267 3350 tet
280 3302 379 3365 Ryclrin,
397 3303 478 3366 quide
493 3304 565 3368 poetis
580 3305 670 3367 accipit,
687 3319 746 3368 quos
775 3303 916 3362 adulatione,
926 3304 1007 3351 nsciis
1016 3312 1099 3365 aptum
1108 3304 1290 3368 verbumfiage-

232 3375 310 3415 tamen
343 3374 447 3414 amares
482 3368 515 3416 its
546 3368 689 3431 simpliciter,
723 3378 746 3417 et
774 3367 836 3413 baut.
850 3367 918 3416 Enu.
935 3367 1211 3430 Beg.etismterramnp.
1227 3366 1288 3413 nau

231 3432 297 3479 nulla
323 3439 376 3479 ante
402 3431 510 3480 carminis
537 3433 653 3480 mentione
675 3433 744 3493 facta,
775 3431 878 3478 Servilia
893 3430 1134 3480 aoemandicnsudid
1144 3429 1290 3478 ostenditse.

231 3493 340 3542 dicium
359 3495 433 3554 docet,
450 3509 493 3544 nec
509 3495 584 3544 docui
599 3503 693 3558 potest:
717 3497 747 3545 de
774 3509 848 3557 quern
865 3498 954 3543 scruti:
978 3495 1139 3557 intelligrmun
1159 3501 1291 3542 commeate

128 3573 130 3578 ·
231 3557 344 3608 historicis
360 3559 449 3606 dicitur.
483 3561 537 3608 Jsc.
556 3560 687 3608 Gronovius
704 3576 746 3624 pro
773 3559 861 3620 putida,
873 3559 980 3622 ingenuis
990 3558 1044 3607 viris
1054 3557 1159 3620 indigns.
1184 3557 1215 3605 V.
1228 3556 1286 3603 Hill.

167 3645 169 3652 ⁴
231 3631 292 3670 nerto
308 3621 418 3680 venditat,
434 3624 506 3687 inque
522 3633 613 3672 textum
629 3624 746 3687 recipitab
775 3621 834 3670 Rae.
848 3624 886 3671 16.

230 3688 355 3745 actoribus,
380 3687 444 3748 quod
473 3688 558 3736 imitari
591 3702 637 3734 non
666 3689 747 3736 audeo.
813 3689 905 3734 Veteres
913 3689 979 3750 opes]
997 3686 1033 3734 ct
1046 3687 1141 3734 Sueton.
1151 3688 1191 3734 41.

232 3749 298 3816 Nam
323 3751 353 3798 de
374 3751 446 3812 poetis
473 3751 512 3799 hie
532 3766 660 3801 armonem
689 3768 745 3813 esse,
807 3749 1289 3825 Effusaagrolsmillimrstultitisl'om·

231 3815 322 3862 clarum
339 3822 380 3862 est.
413 3813 436 3861 Ii
457 3822 545 3862 actam
562 3831 610 3864 non
629 3816 744 3864 dictmtur.
774 3813 821 3877 peii
832 3815 958 3863 exercitum
967 3815 1056 3872 incidit,
1067 3829 1121 3861 cum
1137 3813 1158 3862 is
1173 3814 1197 3860 in
1209 3813 1288 3861 eadem

232 3878 296 3928 Mihi
306 3878 484 3941 Iripsinnumac
500 3881 592 3928 vatibus
607 3880 682 3943 magis
694 3880 746 3943 pls·
775 3878 866 3936 Africo,
887 3887 966 3927 contra
987 3878 1120 3928 Domitium
1141 3885 1165 3926 et
1186 3878 1288 3937 Iarbnm,

232 3956 277 4002 cet,
294 3943 342 3990 sive
360 3942 446 4005 potius,
465 3952 493 3991 ut
513 3943 591 3992 minus
610 3959 625 3991 a
646 3944 746 4006 vestigiis
775 3942 890 3991 militaret.
922 3941 1164 4004 Nsm,cumquidsm
1172 3942 1290 3989 thesauros

231 4144 255 4183 et
274 4135 377 4183 carmina
396 4137 537 4184 canebantur
556 4138 587 4184 sb
608 4135 748 4184 unctoribus.
776 4135 853 4182 lomm
866 4135 918 4182 suri
932 4136 1038 4196 plenum,
1054 4149 1070 4180 s
1085 4133 1189 4182 cladibus
1204 4133 1289 4180 Poeno·

232 4200 298 4247 Nero
309 4198 359 4262 ipss
376 4213 417 4246 sna
429 4201 539 4259 ermina,
558 4208 688 4263 certeque
706 4215 748 4248 sua
775 4198 873 4247 rumibi
885 4199 983 4262 repositi.
1015 4197 1097 4261 Atque
1111 4198 1145 4245 ita
1158 4197 1225 4244 miles
1240 4197 1290 4244 rvi·

233 4263 310 4325 putari
332 4262 432 4323 volebat,
452 4264 547 4312 cocinits
570 4271 593 4311 et
607 4279 628 4328 c.
648 4265 671 4311 t.
691 4266 747 4324 jun·
775 4262 820 4310 ‹lus
837 4263 867 4310 ab
883 4262 1017 4310 fodiendum
1035 4277 1060 4309 se
1073 4261 1137 4310 dedit
1152 4276 1195 4371 per
1211 4262 1290 4324 plures

233 4328 432 4388 grmmruictoria
448 4335 531 4376 cantus
546 4335 569 4375 et
577 4329 748 4391 sacrrndiaeco·
775 4328 833 4381 dies,
856 4327 968 4390 Pompeio
984 4326 1071 4373 ridente
1092 4325 1151 4374 simu
1181 4333 1204 4372 et
1226 4325 1288 4372 indi·

234 4405 302 4451 rossa,
317 4398 340 4437 et
357 4405 375 4438 c.
393 4392 432 4440 21.
454 4391 556 4442 'lbrases
570 4391 671 4442 canitia
687 4391 749 4441 ludis
774 4388 1291 4454 gnsntctmtamillrmuultitudinemsmln
