3042 4950
238 237 274 294 so
651 239 888 313 nuusmun·
1139 245 1317 316 [sassa

236 395 309 460 odio
336 399 520 476 accolarum,
550 401 641 466 simul
669 400 844 467 domesticis
871 400 1033 466 discordiis
1060 403 1302 472 circumventus.

237 483 394 547 Auctores
407 485 495 548 fuere
506 485 662 565 Vibillius‚
676 488 975 563 Hermundurorum
991 488 1072 563 Rex,
1088 502 1120 552 et
1134 491 1256 576 Vangio
1268 513 1305 555 ac

238 567 324 645 Sido,
341 592 443 634 sorore
461 571 572 634 Vannii
593 572 703 668 geniti.
747 575 815 636 Nec
831 571 994 649 Claudius,
1009 595 1200 658 quamquam
1221 596 1304 674 saepe

236 663 352 732 oratus,
371 677 457 718 arma
477 657 666 721 certantibus
684 657 825 721 barbaris
842 655 1035 742 interposuit,
1055 671 1160 722 tutum
1179 661 1301 725 Vannio

233 737 414 823 perfugium
442 741 635 826 promittens,
661 742 687 804 si
712 741 895 827 pelleretur:
923 741 1108 827 scripsitque
1126 746 1163 807 P.
1182 745 1301 810 Atellio

174 889 178 898 ,
234 823 356 897 Histro,
376 824 432 910 qui
458 825 651 890 Pannoniam
680 827 877 913 praesidebat,
901 833 923 864 “
942 825 1106 911 legionem,
1132 829 1261 916 ipsaque
1283 855 1302 894 e

233 906 391 992 provincia
405 910 484 975 lecta
503 909 630 989 auxilia,
653 933 711 997 pro
729 911 798 997 ripa
817 924 1027 998 componeret,
1048 913 1187 977 subsidio
1199 915 1299 993 victis,

232 1005 264 1056 et
292 1007 440 1058 terrorem
468 995 618 1060 adversus
643 995 784 1076 setores,
814 1019 865 1074 ne,
895 996 1023 1059 fortuna
1050 996 1134 1075 elati,
1162 1013 1298 1063 nostram

232 1101 358 1164 quoque
376 1102 483 1165 pacem
498 1080 659 1144 turbarent
668 1083 696 1145 :''
716 1103 791 1145 nam
804 1081 852 1145 vis
870 1081 1033 1144 innumera
1048 1083 1154 1168 Lygii,
1168 1082 1299 1170 abseque

231 1177 339 1248 gentes
359 1163 578 1242 adventabant,
600 1166 684 1230 fama
701 1166 779 1230 ditis
797 1190 832 1230 re
875 1166 897 1244 i,
920 1166 1006 1252 quod
1022 1167 1165 1232 Vannius
1185 1171 1297 1233 XXX

231 1269 287 1333 per
301 1271 397 1314 annos
410 1249 655 1334 praedationibus
668 1263 700 1314 et
710 1251 832 1350 vestiga
842 1251 914 1315 rbus
927 1263 1067 1315 auxerat.
1104 1254 1173 1340 Ipsi
1186 1277 1298 1318 manus

230 1334 357 1419 propria
394 1334 499 1412 edites,
515 1358 610 1422 eques
629 1358 647 1399 e
663 1337 813 1400 Sarmatis
829 1336 1000 1423 Iazygibus
1019 1348 1095 1414 erat,
1112 1337 1203 1424 inpar
1215 1336 1297 1403 mul-

230 1417 356 1482 titudini
370 1357 530 1484 bostium:
563 1443 662 1508 eoque
684 1421 815 1487 castellis
837 1444 902 1486 sese
922 1421 1092 1500 defensare,
1116 1422 1297 1511 bellumque

230 1502 343 1567 ducere
358 1516 516 1570 statuerat.
776 1541 779 1547 ¹
1288 1551 1292 1559 ⁴

287 1591 409 1654 XXX.
443 1591 507 1654 Sed
537 1592 681 1678 Iazyges,
710 1591 878 1657 obsidionis
910 1593 1104 1680 inpatientes,
1132 1606 1164 1657 et
1190 1595 1295 1680 proxi-

229 1697 296 1738 mos
316 1697 372 1760 per
391 1698 516 1762 campos
537 1677 619 1763 vagi,
640 1677 895 1743 necessitudinem
916 1702 1033 1766 pugna
1050 1678 1201 1756 adtulere,
1221 1680 1296 1765 quia

230 1759 353 1846 Lygius
369 1762 676 1848 Hermundurusque
697 1762 759 1827 illic
780 1763 972 1848 ingruerant.
1017 1762 1119 1848 Igitur
1132 1764 1296 1849 degressus

229 1843 359 1910 castellis
384 1845 539 1925 Vannius,
566 1847 710 1912 funditur
735 1847 862 1935 proelio:
896 1871 1088 1934 quamquam
1117 1851 1213 1913 rebus
1240 1849 1296 1912 ad·

229 1929 335 2010 versis,
368 1930 524 2010 laudatus,
560 1938 582 1969 “
603 1934 690 2019 quod
723 1946 754 1998 et
783 1955 936 2019 pugnam.
954 1956 1050 1998 manu
1082 1956 1119 1996 ca
1190 1933 1233 2011 '‘t‚
1263 1948 1295 1998 et

228 2038 356 2100 corpore
375 2015 506 2080 adverso
527 2016 656 2080 vulnera
677 2018 827 2103 excepit.”
871 2019 1019 2081 Ceterum
1039 2017 1081 2081 ad
1103 2041 1240 2097 cassem,
1261 2020 1295 2081 in

228 2099 377 2163 Danubio
402 2101 622 2185 opperientem,
651 2103 741 2187 perfu
766 2103 800 2164 it.
850 2103 955 2165 Secuti
986 2126 1059 2165 mox
1088 2103 1224 2181 clientes,
1251 2115 1293 2181 et,

226 2183 359 2270 acceptis
381 2185 473 2271 agris,
498 2185 532 2248 in
558 2185 720 2249 Pannonia
743 2126 838 2250 iocati
867 2199 950 2251 sunt.
994 2189 1143 2272 Regnum
1167 2187 1293 2273 Vangio

222 2425 496 2489 maucrprosodboequoe
505 2425 742 2487 sonantmancnt:
775 2427 799 2471 5.
825 2425 973 2474 Galliaeb'tas
983 2431 1091 2472 rostrata
1101 2441 1173 2474 aava
1179 2428 1292 2488 praesidc-

225 2490 321 2550 reliquae
342 2497 442 2537 mutant.
469 2490 545 2537 Inar.
578 2489 617 2537 Sic
635 2490 684 2537 cod.
704 2490 741 2538 Fl.
776 2492 838 2537 bant.
869 2490 1019 2553 iterumque:
1037 2491 1123 2537 Litora
1138 2495 1216 2538 oceani
1225 2508 1291 2553 pra.

225 2554 262 2601 ed.
274 2569 307 2615 pr.
329 2556 522 2601 Diataraltatem
534 2563 568 2602 est
578 2570 592 2601 a
604 2556 740 2601 Puteolano.
775 2556 870 2601 ridebat.
893 2553 969 2601 lues.
1002 2554 1041 2601 Sic
1053 2554 1089 2600 ΡΙ.
1107 2554 1163 2601 MS.
1175 2555 1237 2602 unde
1255 2572 1293 2603 re-

225 2616 287 2663 Mox
300 2616 334 2665 ed.
346 2632 381 2679 pr.
400 2618 523 2673 Vdulum
541 2618 603 2681 quod
615 2634 639 2666 se
651 2618 676 2665 in
688 2628 742 2667 vett.
775 2618 850 2665 stituit
861 2618 969 2665 Pichena
997 2618 1037 2663 De
1044 2617 1119 2664 forma
1128 2617 1172 2665 hac
1182 2618 1292 2681 loquendi

224 2680 289 2729 libris
305 2681 413 2743 reperisse
428 2682 479 2742 jam
491 2680 600 2728 Muretus
611 2683 707 2740 nouat,
719 2693 743 2731 et
772 2683 823 2743 jam
834 2682 891 2728 alibi
901 2680 1025 2728 monitum.
1041 2681 1114 2729 Ean.
1133 2682 1162 2729 V.
1171 2681 1229 2729 adc.
1242 2684 1280 2729 14.

224 2743 257 2791 ita
272 2760 284 2791 e
298 2744 346 2791 eod.
359 2746 422 2794 Flor·
434 2755 457 2793 et
469 2744 529 2808 Agr.
544 2746 616 2793 edidit
626 2746 740 2809 Ryclsius,
817 2747 916 2794 Terrori
942 2746 1007 2809 adv-l
1041 2745 1088 2791 Ed.
1107 2753 1142 2807 prss
1161 2753 1291 2804 tenorem

223 2811 334 2871 probante
347 2810 373 2857 J.
392 2810 527 2866 Gronovi03
552 2824 622 2873 quem
642 2825 683 2859 uos
705 2826 740 2859 se·
774 2810 1000 2873 quodvemmputo.
1025 2809 1123 2856 Tacitus
1133 2809 1292 2859 amatvariare

223 2873 325 2935 quimur.
341 2872 406 2920 Add.
417 2877 440 2933 2,
451 2874 489 2920 63.
500 2876 617 2922 dabimus
625 2874 742 2937 quomodo
774 2874 980 2930 constructionem
998 2882 1021 2921 et
1031 2873 1135 2920 studium
1148 2874 1292 2937 intempesti-

223 2951 237 2983 e
252 2938 360 2985 Vibidius
373 2937 471 2995 factum,
488 2938 613 2999 intelliges
628 2948 684 2987 nota
697 2939 740 2986 ult.
774 2952 831 2985 vum
842 2938 1000 2986 conformandi
1014 2938 1132 3001 sequentia
1142 2938 1291 3001 precedenti-

222 3000 281 3048 adc.
295 3001 334 3047 16.
358 3001 396 3049 Sic
407 3000 442 3048 ed.
454 3017 489 3063 pr.
501 3001 563 3049 hoci
580 3002 688 3066 socapite
697 3006 741 3065 jac
774 3003 819 3049 bus
833 3001 980 3064 saepeobfait
994 3002 1085 3061 Tacito,
1100 3007 1129 3047 ut
1142 3002 1231 3064 aliquot
1239 3003 1290 3062 jam

222 3066 319 3127 procis.
344 3065 418 3113 Ean.
452 3064 547 3128 Bipsu
578 3074 618 3113 ent
631 3066 741 3129 logma—
773 3064 829 3113 locis
847 3065 955 3113 vidimus.
986 3065 1043 3112 Vid.
1056 3080 1078 3111 v.
1095 3080 1115 3115 c.
1132 3080 1204 3127 supra
1218 3080 1239 3112 c.
1251 3067 1290 3113 19.

222 3135 294 3177 tatur.
382 3132 387 3143 '
774 3138 832 3176 extr.
865 3129 912 3176 His
936 3129 1025 3193 scriptis
1046 3127 1143 3191 inspicio
1163 3137 1243 3176 notam
1260 3129 1290 3177 J.

255 3196 326 3258 Sido]
344 3195 454 3257 llleipse,
463 3194 505 3259 qui
515 3203 594 3259 postea
603 3194 626 3241 in
635 3194 740 3256 partibus
774 3192 893 3241 Gronovii.
921 3192 1025 3240 Ecoesic
1036 3193 1092 3240 MS.
1103 3193 1141 3240 m.
1169 3192 1247 3255 Igitur
1256 3208 1291 3239 re·

200 3256 367 3321 'Vespasiani
405 3258 438 3305 H.
454 3259 479 3317 3,
497 3262 521 3306 t.
558 3259 697 3306 Trabantur
713 3261 739 3306 s'n
772 3257 830 3319 cepi.
849 3257 937 3305 Goutm
947 3255 1025 3304 Guelf.
1035 3263 1143 3318 tempore.
1161 3256 1234 3305 Ena.
1251 3255 1290 3304 Sic

217 3330 300 3382 partas
311 3324 369 3371 Sido
383 3330 452 3385 atque
462 3326 571 3384 Italicas,
584 3324 663 3383 Reges
679 3324 740 3371 Sue·
772 3329 796 3369 et
805 3321 870 3369 Bud.

221 3401 310 3433 voram
328 3386 403 3435 ers.
796 3387 923 3445 nugata
938 3382 1077 3447 perannat]
1101 3383 1218 3447 Legitima
1231 3384 1290 3432 ratio

185 3462 191 3467 ·
254 3452 284 3498 P.
304 3452 393 3497 Arabo
413 3452 513 3515 Histro]
539 3449 616 3499 Vatis.
634 3458 657 3497 ct
674 3450 737 3498 Flor.
771 3450 1024 3509 esset33.peranaos.
1050 3448 1127 3495 lues.

220 3514 316 3561 Atclbo.
350 3514 381 3561 In
399 3516 470 3563 veteri
487 3513 632 3576 inscriptione
650 3514 738 3575 reperio
802 3514 1017 3573 Illiciugrroerant]
1036 3512 1074 3560 Sic
1082 3512 1289 3560 Mssstaueu

219 3578 353 3634 bominem3
371 3580 547 3641 quasichabet
560 3576 674 3625 fideAldi
688 3579 736 3641 (ap.
770 3575 821 3623 edd.
838 3592 873 3639 pr,
893 3575 948 3623 Put.
967 3576 1022 3623 Ber.
1040 3577 1096 3624 Alc.
1128 3576 1252 3624 Mutaturn
1273 3593 1288 3624 a

220 3644 288 3691 Grat
300 3659 323 3705 p.
333 3641 414 3703 443.)ε
434 3654 736 3690 summasunmna.
771 3640 848 3687 Rhea.
867 3641 890 3687 ‘e
906 3639 983 3699 But)
998 3640 1023 3687 in
1041 3642 1199 3702 augurabant.-
1222 3640 1289 3687 resti·

221 3720 285 3755 vas.
296 3720 408 3757 ursano.
420 3720 485 3753 aaa.
498 3718 538 3753 rr.
548 3718 662 3753 canum.
671 3719 738 3755 aaa·
769 3704 815 3751 tuit
825 3704 855 3751 Pi
884 3719 935 3751 ena.
968 3705 1030 3751 Item
1040 3705 1225 3767 postcapeeeiite
1242 3703 1289 3752 nisi

220 3786 306 3820 sarrs.
318 3784 383 3820 svo.
395 3784 458 3819 cao.
469 3784 526 3819 cos.
539 3782 584 3817 aa.
594 3783 640 3817 aa.
654 3784 698 3817 ra.
709 3785 736 3819 x.
769 3769 831 3832 quod
844 3769 901 3816 Put.
911 3766 967 3816 aiv.
981 3768 1036 3815 Ber.
1047 3768 1102 3815 Alc.
1115 3770 1230 3830 capsum
1244 3784 1288 3831 pro

220 3846 658 3885 vra-san.1vn10.rn.ula-Luc.
672 3848 733 3884 xrv.
770 3834 901 3893 emanavit
934 3831 1031 3879 Frustra
1044 3831 1286 3895 Rhendediteapes·

219 3910 735 3949 sanunurcaaaeoumasr.cusanam.
768 3896 887 3961 estquod
902 3904 937 3944 est
953 3896 979 3943 in
994 3896 1075 3944 Guelf.
1108 3896 1210 3943 Pichena
1227 3896 1287 3942 illud

218 3977 380 4013 ursmaro.
394 3975 620 4011 susurrans.
643 3961 735 4020 Quasi
768 3961 876 4009 restimit.
892 3960 967 4008 Eas.

201 4030 247 4077 md
265 4031 333 4077 illum
355 4028 482 4085 referenda,
502 4026 565 4091 quod
584 4042 626 4089 ego
645 4040 733 4087 censeo,
800 4027 932 4085 Degrerras
943 4025 1054 4088 metallis]
1072 4022 1146 4071 Haud
1154 4022 1286 4093 dubitanter
1309 4072 1312 4077 ,

140 4092 145 4098 “
216 4092 307 4155 legend.
319 4093 365 4150 hic,
375 4094 514 4154 scripsitque
522 4093 636 4153 Palpelio.
659 4090 737 4139 blas.
767 4088 800 4136 ita
814 4089 919 4151 resuipsi
934 4104 976 4151 pro
991 4089 1085 4150 vulgato
1100 4090 1235 4147 digressas.-
1252 4088 1285 4135 sic

217 4157 316 4204 Attelbo
329 4159 404 4205 histro
416 4156 486 4205 etiam
501 4154 551 4203 md.
567 4155 627 4217 Agr.
644 4154 681 4203 ed.
695 4171 731 4219 pr.
767 4155 791 4213 4,
810 4154 850 4202 49.
860 4168 904 4216 pro
918 4154 1016 4200 tumulis
1031 4166 1077 4198 non
1093 4152 1285 4211 &gradiebantur

219 4220 299 4267 Guelf.
316 4222 403 4268 Attidio
411 4222 493 4282 bystro
501 4218 659 4267 estaPuteol.
676 4220 734 4267 Pal·
766 4226 826 4265 recte
842 4216 969 4279 repositum
985 4216 1184 4276 degredlcbantar.
1217 4215 1283 4263 Add.

212 4286 277 4347 pelta
287 4284 363 4345 placet
373 4284 472 4346 Ryclrio.
488 4286 560 4334 Ean.
766 4281 824 4328 ibid.
836 4296 856 4329 c.
869 4282 908 4335 74.
924 4281 997 4328 Ean.

249 4349 380 4395 Pannonia
391 4350 544 4413 presidebat]
563 4346 668 4406 Quidam
679 4348 733 4397 seris
799 4348 880 4393 Secuta
890 4361 921 4391 rra
934 4345 1025 4391 cluam
1034 4351 1054 4391 et
1065 4359 1088 4390 a.
1099 4345 1135 4408 a]
1152 4345 1186 4391 Et
1194 4342 1286 4392 uidebar

216 4412 258 4475 pti,
272 4413 439 4459 Pannoniam.-
457 4428 499 4460 nec
510 4428 562 4459 raro
572 4412 604 4459 ita
615 4423 698 4461 noster.
707 4414 732 4472 4,
765 4409 902 4457 tollendum
919 4408 990 4455 Ean.
