3042 4950
193 227 248 286 164
345 185 348 191 ’
604 224 832 286 Anntmuru
1062 224 1260 301 quasia

193 387 437 474 busostendere.
481 388 614 473 Dehinc,
629 390 704 477 quia
717 390 866 454 duritiam
879 386 949 453 coeli
966 384 1148 471 militiaeque
1167 380 1260 447 multi

195 474 383 551 abnuebant,
399 472 652 561 deserebantque,
664 476 836 540 remedium
850 474 1010 539 severitate
1020 471 1189 558 quaesitum
1203 480 1261 530 est.

196 562 264 623 Nec
278 559 420 637 enim,-ut
430 561 462 624 in
472 560 538 625 aliis
549 562 745 637 exercitibus
756 562 891 645 primurn
903 558 1098 643 alterumque
1110 554 1261 619 delictum

195 644 286 731 venia
299 646 556 731 prosequebatur,
575 646 640 723 sed,
661 646 716 730 qui
738 646 826 729 signa
844 644 1021 728 reliquerat,
1036 642 1139 705 statim
1158 638 1259 724 capite

195 753 303 816 poenas
316 730 432 797 luebat.
479 731 582 817 quue
596 753 663 793 usu.
672 729 806 805 salubre,
820 740 853 792 et
866 726 1074 791 misericordia
1084 724 1261 789 meliusad-

195 816 320 901 paruit:
344 816 461 902 quippe
485 814 720 902 pauciores-illa
741 825 841 877 castra
860 813 1033 889 deseruere,
1055 834 1151 897 quam
1164 834 1211 889 ea,
1226 809 1260 872 in

195 900 310 985 quibus
322 900 550 982 ignoscebatur.

239 985 406 1049 XXXVI.
429 986 559 1049 Interim
575 984 727 1064 Corbulo,
738 986 914 1072 legionibus
926 985 1009 1047 intra
1022 995 1122 1047 castra
1134 980 1260 1059 habitis,

196 1070 294 1134 donec
308 1092 363 1133 rer
376 1068 573 1149 adolesceret,
589 1070 806 1157 dispositisque
820 1093 877 1158 per
890 1070 1017 1133 idoneos
1030 1067 1115 1132 locos
1128 1066 1263 1130 cohorti-

144 1196 146 1202 ·
196 1154 256 1221 bus
270 1154 449 1234 auxiliariis,
464 1178 504 1219 ne
517 1177 655 1252 pugnarn
670 1156 789 1253 priores
802 1156 934 1232 adirent,
944 1152 1095 1240 praedicit.
1141 1152 1265 1215 Curam·

189 1240 413 1325 ¹praesidiorum
442 1242 550 1303 Pactro
573 1242 723 1327 ¹Orphito,
753 1241 851 1305 Primi
875 1239 909 1301 ili
937 1240 1054 1302 honore
1082 1238 1259 1324 perfuncto,

197 1325 333 1390 mandat.
379 1328 424 1401 Is,
440 1347 631 1422 quamquam
645 1325 786 1389 incautos
800 1264 958 1402 barbaros,
978 1337 1010 1387 et
1022 1324 1102 1387 bene
1116 1321 1263 1409 gerendae

197 1411 240 1473 rei
255 1434 360 1474 casum
375 1410 479 1474 offerri
500 1424 671 1496 empserat,
696 1418 717 1449 “
740 1425 845 1475 tenere
862 1433 894 1473 se
914 1408 1125 1486 munimentis,
1147 1420 1180 1471 et
1197 1429 1265 1470 ma-

193 1494 278 1580 jores
292 1496 395 1581 copias
409 1494 573 1592 opperiri,”
591 1496 727 1559 'ubetun
764 1495 826 1558 Sed
835 1506 930 1582 rupto
939 1492 1080 1579 imperio,
1095 1504 1263 1578 postquam

196 1602 305 1665 paucae
317 1580 499 1666 e-proxrmis
513 1520 643 1644 castellis
655 1595 767 1645 turmae
780 1580 980 1656 advenerant,
992 1593 1196 1664 pugnamque
1205 1575 1265 1638 im-

196 1664 307 1751 peritia
321 1666 499 1751 poscebant,
511 1688 693 1751 congressus
708 1689 781 1729 cum
794 1665 883 1729 hoste
892 1662 1047 1727 funditur.
1093 1664 1138 1727 Et
1148 1662 1263 1725 damno

196 1750 264 1836 ejus
279 1750 429 1827 exterriti,
467 1751 499 1813 ui
522 1750 694 1825 subsidium
707 1751 789 1815 ferre
804 1750 986 1826 debuerant,
1010 1743 1067 1811 sua
1081 1746 1214 1833 quisque
1228 1746 1262 1809 in

198 1849 300 1899 castra
313 1836 434 1921 trepida
444 1775 525 1921 luga
536 1835 662 1899 rediere.
708 1836 806 1907 Quod
821 1835 957 1921 graviter
972 1833 1112 1897 Corbulo
1125 1854 1195 1895 acce
1217 1830 1261 1895 it:

196 1920 446 2007 increpitumque
469 1920 625 1997 Pactium,
648 1935 679 1983 et
703 1919 873 1983 Praefectos
894 1918 1069 2003 militesque
1092 1926 1113 1955 “
1136 1854 1263 1979 tendere

196 2026 302 2067 omnes
316 2018 405 2069 extra
419 2003 554 2069 vallum''
565 2005 678 2091 jussit:
694 2004 791 2091 inque
805 2028 842 2068 ea
851 2002 1040 2068 contumelia
1054 2000 1182 2081 detenti,
1194 2022 1262 2079 nec,

195 2087 254 2151 nisi
268 2089 412 2175 precibus
428 2088 564 2171 uniuersi
578 2089 742 2167 exercitus,
756 2088 890 2152 exsoluti
904 2101 986 2153 sunt.

239 2174 426 2239 XXXVII.
442 2173 489 2237 At
495 2171 665 2251 Tiridates,
682 2194 776 2271 super
785 2173 927 2260 proprias
940 2172 1106 2250 clientelas,
1122 2194 1182 2258 ope
1195 2172 1263 2235 Vo-

194 2257 292 2343 logesi
306 2258 410 2323 fratris
424 2258 563 2345 adjutus,
578 2282 641 2321 non
655 2259 765 2322 surum
777 2260 856 2344 jam,
872 2258 925 2321 sed
940 2258 1044 2344 palam
1059 2256 1142 2321 bello
1161 2255 1263 2318 infen-

195 2366 261 2406 sare
278 2342 472 2421 Armeniam,
495 2366 637 2430 quosque
651 2342 731 2406 fidos
745 2343 835 2406 nobis
854 2343 992 2419 rebatur,
1010 2340 1205 2428 depopulari,
1220 2354 1267 2416 et,

195 2426 219 2492 si
234 2426 331 2515 copiae
345 2442 451 2494 eontra
466 2426 666 2506 ducerentur,
689 2426 833 2507 eludere,
849 2428 912 2492 huc
933 2450 1060 2514 quoque
1074 2442 1107 2492 et
1119 2424 1198 2490 illuc
1208 2448 1263 2488 vo-

227 2646 326 2692 Prloree
341 2645 443 2704 adirmt,
457 2645 581 2708 prodicit]
600 2645 713 2706 Probum,
776 2646 862 2693 Pontio
885 2643 998 2706 Orphito]
1020 2644 1104 2690 Paccii
1125 2648 1148 2689 et
1171 2642 1262 2690 Pacer'ae

195 2708 295 2772 quadiu
310 2709 417 2756 Romano
429 2709 488 2755 libro
504 2717 546 2766 est,
559 2711 654 2769 peteres
670 2725 714 2756 aa·
743 2709 798 2756 satis
820 2709 952 2770 frequentes
972 2709 997 2755 in
1018 2707 1114 2754 vesuta
1137 2705 1262 2767 lapiditate.

196 2775 285 2819 darent.
326 2771 416 2820 Vellem
434 2772 503 2819 edam
520 2774 597 2819 edicit.
637 2773 713 2820 hirs.
745 2773 837 2820 Gran.
852 2772 960 2819 Muretus
967 2772 1058 2819 volebat
1065 2773 1097 2818 P.
1104 2771 1181 2818 Arato.
1189 2770 1262 2817 Ean.

196 2836 253 2884 MS.
262 2835 299 2883 Fl.
309 2837 426 2882 auderent.
442 2837 500 2898 Agr.
512 2835 591 2882 Guelf.
601 2837 712 2884 adirent:
749 2851 752 2858 ’
779 2837 882 2883 Tendere
897 2850 975 2882 manee
989 2842 1058 2882 estro
1073 2835 1173 2896 vadam]
1189 2834 1263 2893 Quod

196 2907 220 2946 et
231 2901 262 2947 sic
273 2899 324 2948 edd.
335 2915 415 2947 omnes
425 2910 478 2946 arrte
486 2899 621 2946 Pichenarn.
648 2901 713 2948 Nam
742 2914 816 2962 prmae
827 2898 939 2945 militaris
955 2913 1029 2960 genus
1043 2899 1174 2962 antiquum.
1217 2898 1264 2945 Li-

144 2979 146 2985 ·
195 2963 290 3026 Lipdus
299 2965 410 3010 auderent
418 2977 464 3010 nan
475 2964 499 3010 in
510 2971 601 3010 textum
612 2964 711 3027 recepit:
742 2965 794 3011 rius
806 2965 845 3021 ta,
857 2964 880 3008 4.
918 2964 1037 3022 Cataeetae,
1048 2978 1099 3023 φιτ
1114 2964 1185 3023 sigim
1200 2965 1262 3008 ama

196 3043 267 3090 quern
283 3027 386 3074 bnitatus
403 3041 461 3074 sum.
506 3027 568 3075 Gurn
586 3028 648 3074 inim
664 3043 713 3088 pu·
742 3033 830 3084 seruat,
845 3032 915 3073 esdra
929 3028 1019 3072 vallum
1034 3029 1084 3072 riae
1098 3029 1206 3073 ammiti
1222 3028 1262 3073 de·

193 3107 277 3152 gnam,
289 3093 354 3139 adlre
366 3091 714 3146 dedareadbcrieuenetsimilis
740 3093 827 3139 saraia
859 3089 968 3138 Valerius
977 3093 1002 3149 2,
1017 3089 1041 3147 7,
1055 3091 1092 3137 15.
1124 3091 1195 3136 Neve
1204 3093 1262 3152 quie

195 3155 308 3207 dicentur,
319 3167 416 3202 autnon
427 3155 496 3202 etiam
508 3157 712 3215 adtrepugnam?
741 3156 907 3202 eorumtma
925 3161 1003 3200 cmtro
1020 3154 1131 3211 tenderet,
1150 3169 1207 3200 neve
1227 3156 1261 3200 lo-

194 3219 252 3266 Non
263 3217 398 3266 necessaria
416 3218 511 3281 perludi
532 3217 667 3280 significatio
687 3219 712 3266 in
742 3233 797 3266 cum
811 3225 880 3266 aetra
895 3220 1043 3279 oedgerotum
1062 3219 1123 3263 natm
1140 3225 1183 3264 out
1192 3219 1261 3281 fissa

194 3281 236 3328 uli
246 3281 340 3330 adleta
358 3280 414 3330 niv.
426 3285 449 3340 8,
461 3284 483 3329 6.
491 3283 585 3330 adibunt
595 3283 712 3342 Coamler,
741 3285 853 3345 cingerer,
865 3297 921 3328 neve
935 3284 1062 3329 amorim
1071 3296 1102 3328 ee
1107 3283 1208 3342 pellam
1216 3283 1261 3328 lra-

193 3347 712 3408 nequbeatraordiaamtaburampogua·
741 3343 811 3395 beret.
851 3346 912 3394 Vide
933 3353 957 3392 et
979 3345 1062 3406 Polyb.
1083 3346 1108 3403 6,
1131 3345 1171 3391 36.
1213 3345 1260 3394 Sed

194 3416 246 3456 rete
264 3417 287 3456 et
302 3410 323 3456 si
338 3418 405 3464 esset,
421 3410 445 3456 in
456 3411 524 3457 verbo
535 3412 642 3465 adeunda
654 3425 712 3472 quo·
740 3411 833 3474 proprie
852 3409 883 3457 de
898 3410 943 3456 hec
963 3408 1014 3471 Ipso
1033 3423 1059 3456 re
1078 3409 1111 3456 sic
1133 3409 1261 3458 Frontinus

193 3473 712 3584 retransmitteret·
740 3474 1260 3586 {antestaretur

193 3600 289 3659 duntur,
307 3610 416 3664 utsupra
426 3609 540 3660 notatum,
556 3608 580 3647 et
589 3600 629 3648 atii
644 3609 711 3648 nota-
738 3617 791 3662 quae
807 3604 837 3649 ad
854 3602 974 3650 mltum
988 3602 1058 3647 initu
1072 3592 1174 3648 donibus
1190 3615 1262 3649 cerae«

193 3674 255 3712 runt
270 3701 272 3711 .
287 3665 359 3713 Porro
369 3667 457 3713 edIcere
467 3672 501 3712 est
524 3663 601 3712 uidem
613 3665 709 3712 verbum
739 3666 1165 3726 ronaeatraoollumjuseitteadere.
1182 3665 1258 3713 ers.

192 3729 333 3777 ordmeriurn
344 3729 368 3775 In
380 3728 465 3786 taline,
483 3681 523 3776 sall
537 3728 606 3774 etiam
618 3731 709 3790 prada
739 3729 801 3777 Mox
814 3731 927 3778 nummo
942 3730 1017 3791 placet
1033 3729 1120 3788 diuque
1131 3742 1159 3775 ea
1177 3735 1257 3776 meu-

196 3808 252 3840 cere.
285 3793 387 3852 sivae,
401 3795 437 3841 19.
448 3794 712 3854 quiaproedia‘tnmerat
739 3794 954 3841 metianmffiaere
970 3791 1063 3839 videtin
1078 3794 1174 3851 detema
1193 3793 1258 3855 quod

193 3858 332 3915 mentae,
348 3858 443 3918 nequid
453 3858 542 3903 amante
557 3871 583 3903 eo
597 3857 633 3902 rei
641 3871 708 3917 gere-
738 3872 828 3904 moram
838 3857 931 3904 indicat.
963 3855 1069 3918 Suspido
1085 3864 1163 3903 tamen
1179 3871 1259 3904 eorm.

191 3926 245 3966 ret.-
270 3921 334 3984 quod
358 3932 417 3969 recte
436 3919 544 3968 ,defendit
568 3920 709 3978 Gronovius,
738 3921 808 3982 prens
822 3921 968 3968 nescibam
986 3919 1022 3967 ed.
1041 3935 1075 3982 pr.
1091 3935 1145 3982 quo
1163 3920 1258 3968 exhibet

113 3994 119 4001 “
190 3983 235 4030 hoc
253 3984 303 4045 ipso
322 3984 399 4033 Taciti
416 3984 467 4032 laco
485 3983 568 4032 aba,
598 3985 708 4032 Ceterum
738 3986 879 4045 amaroque.
910 3985 982 4032 Eun.
1015 3984 1077 4030 Bud.
1089 3993 1207 4046 receptam
1222 3985 1257 4031 le-

193 4047 329 4094 Romanum
339 4048 425 4094 librum
435 4048 602 4110 intelligoMS.
613 4048 709 4096 Vatica-
738 4048 836 4095 etionem
850 4048 929 4096 habet.
971 4048 1058 4095 Similis
1075 4047 1180 4094 sanandi
1197 4047 1257 4095 ratio

95 4159 101 4166 ,
192 4124 259 4156 num.
295 4111 359 4160 Nam
376 4111 411 4158 ed.
431 4127 466 4173 pr.
486 4126 557 4172 quarn
572 4112 628 4159 alibi
644 4120 710 4159 vocat
741 4112 814 4171 11‚2.
827 4114 864 4171 15,
877 4113 916 4160 44.
1041 4146 1047 4156 .
1139 4153 1141 4155 .

188 4171 322 4223 Romanum
333 4176 428 4228 librum,
439 4175 602 4222 babetadIret.
629 4175 701 4222 Eun.
769 4179 828 4223 Hac
844 4191 932 4237 quoque
947 4183 970 4223 et
989 4176 1046 4222 tuae
1062 4177 1172 4238 marm]
1187 4175 1265 4238 Lego

188 4235 251 4282 Bud.
269 4239 368 4286 adtraat.
412 4238 526 4312 Pichenar¹
537 4241 650 4286 auderent
668 4254 703 4286 re·
734 4239 840 4348 primurn
857 4241 946 4301 hucque
961 4247 985 4287 et
998 4241 1064 4299 Illuc,
1077 4238 1169 4297 delude,
1186 4240 1254 4288 utin

189 4302 377 4422 satar-
409 4305 474 4364 ΒΜ·
496 4303 557 4366 ¹³¹¹'··
575 4303 663 4352 ‘¹⁰¹⁸‘
681 4311 706 4412 ⁰?
737 4302 1265 4431 marmaredae:
