3042 4950
246 287 396 367 aeuo]
586 276 988 367 noxietatem.
1234 296 1292 354 eoo

235 456 298 521 bus
311 474 422 539 parum
436 456 609 540 probatam.
654 457 808 519 Fomenta
821 439 1005 522 uulneribus
1016 441 1102 522 nulla
1111 442 1203 544 jussu
1218 441 1287 539 suo,

235 540 298 614 sed,
321 539 396 623 quia
409 557 509 603 cetera
523 540 626 626 palam
641 562 721 603 vana
735 538 907 625 objecisset,
925 542 1097 627 adjungere
1110 544 1236 621 crimen,
1251 558 1288 608 ut

131 638 136 641 ’
235 647 299 687 sese
309 623 424 707 pariter
432 622 565 687 indicem
579 638 610 688 et
619 634 726 688 testem
738 624 881 687 faceret.”
919 626 1037 711 Adjicit
1046 626 1137 690 dictis
1148 642 1289 691 constan-

234 708 328 771 tiam:
359 705 478 771 incusat
493 708 579 773 'ultro
598 706 835 772 “intestabilem
858 710 1180 786 etconsceleratum?
1202 723 1289 775 tanta

233 790 317 853 vocis
330 812 366 853 ac
379 789 487 869 vultus
501 792 674 871 securitate,
690 803 727 856 ut
740 792 859 855 labaret
872 792 1032 872 indicium,
1048 793 1106 857 nisi
1122 794 1288 858 Milichum

235 896 315 938 uxor
329 874 550 956 admonuisset,
570 875 782 941 “Antonium
798 876 944 941 Natalem
957 878 1057 943 multa
1069 900 1141 942 cum
1157 879 1288 943 Soevino

233 982 270 1023 ac
284 972 400 1023 secreto
413 960 622 1037 conlocutum,
637 975 668 1025 et
681 984 746 1025 esse
760 971 909 1046 utrosque
925 961 961 1025 C.
977 962 1099 1026 Pisonis
1111 962 1265 1037 infimos?

278 1045 367 1109 LVI.
381 1044 470 1130 Ergo
480 1046 596 1110 accitur
606 1045 743 1123 Natalis:
756 1058 788 1108 et
798 1043 910 1108 diversi
919 1045 1195 1133 interrogantur,2“
1204 1046 1288 1132 quis-

234 1152 306 1191 nam
321 1128 472 1209 isserm0,
490 1153 553 1215 qua
565 1130 605 1193 de
619 1152 653 1191 re
667 1129 776 1193 fuisset
786 1129 818 1193 l''
839 1150 912 1192 cum
927 1142 1034 1194 exorta
1048 1131 1191 1217 auspicio,
1213 1132 1288 1216 quia

234 1236 296 1275 non
320 1214 522 1299 congruentia
546 1213 787 1298 responderant:
814 1212 977 1298 inditaque
1002 1215 1112 1278 vincla.
1155 1216 1202 1279 Et
1227 1229 1288 1279 tor·

233 1308 410 1360 mentorum
435 1296 615 1383 adspectum
641 1318 677 1360 ac
703 1297 801 1359 minas
825 1316 888 1358 non
913 1297 1020 1361 tulere.
1065 1298 1157 1375 Prior
1184 1313 1288 1363 tamen

234 1380 366 1459 Natalis,
389 1381 484 1445 totius
503 1381 736 1467 conspirationis
756 1378 855 1464 magis
919 1402 1003 1458 arus,
1026 1381 1119 1444 simul
1135 1384 1287 1467 arguendi

234 1464 371 1552 peritior,
386 1465 426 1528 de
440 1466 553 1529 Pisone
567 1465 704 1551 primum
715 1465 843 1528 fatetur.
901 1464 992 1527 cinde
1006 1465 1114 1551 adjicit
1128 1470 1287 1530 Annaeum

236 1553 395 1627 Senecam,
412 1549 475 1612 sive
488 1549 697 1615 internuntius
714 1550 796 1612 inter
815 1569 889 1610 eum
908 1548 1117 1635 Pisonemque
1129 1550 1203 1627 fuit,
1224 1550 1288 1614 sive

235 1648 272 1697 ut
291 1632 424 1697 Neronis
444 1634 575 1719 gratiam
589 1635 723 1719 pararet,
739 1632 801 1719 ,qui
815 1631 954 1695 infensus
970 1637 1104 1712 Senecae,
1126 1655 1232 1697 omnes
1246 1635 1287 1698 ad

234 1739 305 1781 eum
321 1716 560 1803 opprimendum
571 1731 651 1795 artes
662 1715 874 1803 conquirebat.
913 1718 1011 1796 Tum,
1023 1717 1151 1803 'cognito
1165 1718 1288 1783 Natalis

234 1802 358 1879 indicio,
382 1801 532 1865 Saevinus
552 1824 689 1887 quoque,
712 1800 780 1887 pari
799 1797 1006 1878 inbecillitate,
1030 1824 1071 1865 an
1092 1816 1204 1865 cuncta
1226 1804 1289 1865 ‘am

234 1886 390 1974 patefacta
413 1886 551 1964 credens,
578 1908 634 1949 nec
656 1886 757 1949 ullum
781 1883 892 1947 silentii
915 1886 1168 1963 emolumentum,
1230 1887 1286 1951 'dit

235 1984 371 2035 ceteros:
396 1992 436 2033 ex
456 1971 573 2056 quibus
589 1971 738 2034 Lucanus
752 1968 1021 2054 Quinctianusque
1040 1982 1072 2034 et
1091 1970 1217 2049 Senecio
1232 1970 1288 2034 diu

235 2058 381 2121 abnuere.
417 2056 504 2134 Post,
515 2054 665 2140 promissa
679 2053 853 2201 inpunitate
866 2053 1019 2138 conrupti,
1036 2075 1100 2138 quo
1110 2053 1287 2117 tarditatem

235 2150 433 2214 excusarent,
463 2141 612 2203 Lucanus
638 2138 768 2202 Atilam
798 2148 928 2199 matrem
957 2160 1056 2214 suam,
1085 2138 1289 2215 Quinctianus

237 2222 372 2288 Glitium
405 2223 545 2298 Gallum,
576 2223 703 2286 Senecio
731 2224 876 2285 Annium
905 2220 1086 2300 Pollionem,
1111 2219 1286 2285 'amicorum

236 2308 330 2395 praeci
353 2330 420 2386 uos,
436 2308 642 2371 nominavere.

280 2392 309 2455 L
345 2394 392 2457 II.
416 2395 526 2479 Atque
546 2392 669 2457 interim
693 2392 780 2455 Nero
798 2389 987 2468 recordatus,
1014 2389 1137 2455 Volusii
1163 2389 1289 2455 Proculi

268 2584 405 2646 Adjungere
415 2583 503 2628 crimen
514 2582 591 2628 ubam
604 2581 745 2644 ec-sueere]
773 2581 892 2643 profacto
903 2581 1014 2635 medens,
1032 2593 1078 2625 non
1095 2587 1122 2626 ut
1137 2581 1171 2633 (et
1180 2580 1203 2626 in
1216 2576 1291 2638 Bud)

236 2646 403 2695 Nonerathoc
413 2643 509 2703 crimen,
524 2644 627 2692 fomenta
640 2659 747 2706 parasseg
778 2645 917 2701 obtinuerat,
933 2650 1009 2700 ante..
1027 2643 1118 2698 Notum
1141 2651 1164 2690 et
1183 2643 1291 2690 urebari-

236 2710 275 2758 sed
286 2711 421 2770 conjurasse.
455 2707 631 2770 Itaquelegam
642 2709 748 2760 crimini,
779 2705 846 2754 inum
857 2706 938 2754 Tacito
948 2705 1039 2752 dicendi
1047 2719 1128 2767 genus.
1150 2704 1224 2753 Line.
1244 2707 1291 2754 'Se-

236 2777 303 2836 cujua
312 2789 336 2820 ec
346 2773 549 2834 parturitionem
559 2778 582 2818 et
593 2777 672 2818 testem
680 2773 748 2832 soce·
781 2777 844 2817 creto
855 2769 924 2817 ctiam
935 2767 1009 2817 MSS.
1020 2768 1083 2815 Flor.
1103 2769 1191 2831 (Bud.)
1212 2769 1291 2817 Guelt'.

236 2845 279 2884 ret.
311 2837 345 2884 Et
359 2849 412 2884 vero
426 2834 480 2881 libri
493 2835 562 2881 etiam
592 2833 671 2880 uidam
680 2834 748 2895 sace·
781 2832 937 2895 cd.pr.quod
948 2832 1166 2896 recepit-Broterius.
1182 2833 1279 2880 Pieri.

236 2908 273 2949 ret
299 2899 430 2961 proterunt.
474 2898 546 2945 Inna.
616 2896 649 2943 ihi
676 2896 746 2955 redet,
812 2897 880 2956 Ergo
904 2896 994 2941 matur
1018 2896 1133 2958 Nerato]
1159 2895 1197 2943 Sic
1222 2896 1293 2945 MSS.

236 2963 371 3011 Acidalium
381 2975 431 3008 rem
441 2974 484 3007 acu
495 2960 608 3022 tetigisse:
621 2961 747 3021 wangon
781 2959 844 3006 Flor.
858 2958 937 3007 Guelf.
946 2957 1006 3020 Agr.
1022 2957 1074 3004 cdd
1085 2966 1143 3005 ante
1152 2959 1293 3007 Rhenanam

236 3023 748 3087 crtmca‚cnjue,·i.e.adjicerehtncquoqne
780 3035 868 3081 omnes,
891 3021 932 3085 qni¹
959 3022 984 3083 (e
1004 3020 1079 3082 Bud.)
1107 3021 1179 3069 edidit
1199 3025 1293 3070 accitur.

237 3085 464 3150 calomniamquam
475 3085 660 3148 etdeieratipse,
672 3086 748 3133 etsibi
767 3085 920 3134 'Variacum
931 3083 1022 3147 Ryclrio
1032 3084 1179 3132 restituimur.
1206 3086 1283 3132 Ean:

237 3162 349 3215 tanquam
359 3149 555 3198 tertiaedivelit.
579 3150 671 3197 Giton.
701 3149 749 3210 lie·
815 3149 972 3197 camerone
987 3147 1063 3210 turp]
1081 3148 1144 3195 Bud.
1159 3155 1217 3196 tum.
1233 3149 1295 3197 Mox

237 3218 290 3274 ctio,
303 3231 355 3278 qua
365 3215 389 3261 in
401 3221 467 3261 textu
478 3212 545 3260 hodie
555 3221 597 3273 est,
609 3211 703 3260 inducta
715 3219 749 3259 est
782 3226 803 3260 c.
816 3211 877 3274 Agr.
888 3212 1012 3264 Sedtorm.
1024 3211 1090 3272 adep.

237 3277 684 3339 aPichmautoonaentaneascripturae
692 3274 749 3323 MS.
817 3276 1002 3338 conjurationis]
1021 3273 1060 3321 Sic
1068 3273 1170 3338 Lipsius.
1187 3276 1223 3323 At
1231 3275 1293 3324 Flor.
1329 3281 1333 3288 '

238 3340 612 3416 ueteremque-rinnon
640 3339 749 3413 .(neqex
783 3337 1200 3414 Budeteddretfanptrotioata
1219 3338 1295 3416 Deip

237 3403 751 3530 matantltttttlttttt
779 3401 1157 3528 ,Perdomita
1172 3402 1219 3512 {ll
1226 3418 1297 3513 lib

237 3488 295 3582 bis.
310 3533 372 3580 Flor.
382 3531 435 3579 Jac
447 3531 518 3578 oron
532 3529 656 3588 contendit,
674 3529 751 3592 potius
781 3537 860 3588 'mutat
878 3529 995 3589 arguendi
1013 3527 1038 3573 in
1056 3530 1175 3602 arguenti,
1198 3528 1298 3577 Pricaem

238 3597 340 3646 Addalii
357 3596 492 3656 conjectura
508 3593 590 3643 farere.
623 3593 751 3640 Eatinco·
784 3592 809 3639 in
830 3594 934 3653 argenti,
956 3590 1004 3638 cdl
1027 3589 1120 3638 Neroni.
1142 3592 1196 3652 Bip.
1217 3593 1298 3654 legunt

238 3661 288 3709 dice
303 3663 329 3716 l‚·
348 3661 411 3706 alate.
445 3658 550 3720 Exque
569 3671 611 3720 ego
631 3671 706 3721 neque
724 3662 751 3703 ot
784 3656 902 3716 crgmdt
921 3656 1045 3716 proprior.
1086 3652 1147 3701 lull.
1185 3658 1297 3716 opertior,

239 3719 753 3848 liiidffluiiil'iiiifllsffl
786 3717 1054 3830 mellite
1061 3717 1299 3842 trinita

240 3850 324 3898 citatus
350 3849 420 3896 etiam
445 3847 527 3895 habuit
546 3850 652 3910 joam.
695 3846 751 3894 MS.
787 3845 1112 3906 rempcrsuttapertisrtmur.

241 3915 321 3962 Guelf.
339 3912 390 3961 edd.
408 3927 422 3959 a
438 3911 529 3959 Puteal·
545 3927 624 3958 omnes
638 3909 755 3974 usquead
781 3973 785 3977 .
822 3907 986 3965 Quinctianae]
1005 3905 1067 3953 Bud.
1086 3907 1255 3963 Quintilianus.

241 3977 367 4025 Pichenam
395 3977 493 4023 vteum:
521 3977 659 4037 re—scccre.
696 3973 752 4021 MS.
821 3972 923 4020 ctutum
952 3970 1060 4033 mnam]
1090 3969 1129 4017 Ite
1155 3972 1301 4022 scribendum

242 4031 303 4088 But
316 4042 420 4095 vinnm
437 4038 472 4086 ed.
487 4054 522 4101 pr.
534 4041 629 4086 dabre.
655 4039 755 4086 Pariter
789 4049 881 4093 nonen,
898 4049 945 4081 non
959 4033 1072 4081 Gliciam.
1104 4034 1303 4098 Frequensinla.

173 4121 175 4126 ·
242 4105 366 4167 ..faceret
387 4101 478 4158 ,Earn
516 4102 555 4148 Ex
575 4102 672 4149 lectione
692 4100 755 4147 Bud.
790 4098 883 4160 pidibua
905 4099 1035 4145 Glittorum
1056 4097 1149 4144 mentio.
1182 4096 1213 4144 V.
1234 4098 1302 4148 Gnrt.

244 4170 329 4214 maure
340 4167 466 4214 Rhenanus
475 4165 661 4228 conjiciebatleg.
672 4167 757 4212 nicam
791 4163 815 4209 in
828 4161 878 4209 ind.
911 4159 958 4209 Sed
977 4161 1049 4208 Gara
1066 4163 1239 4224 quoque-Galli
1255 4165 1304 4226 epi.

244 4246 267 4278 re
274 4248 300 4293 p.
312 4231 360 4278 tad.
373 4236 395 4276 et
407 4229 454 4290 ts.
791 4225 906 4287 taphium,
921 4231 975 4270 ante
990 4223 1039 4269 duo
1054 4225 1138 4270 saorla
1148 4225 1213 4272 Veiis
1228 4241 1305 4289 repet.

276 4295 314 4341 Ac
333 4300 417 4340 secreto
436 4290 585 4356 collocutum]
613 4293 706 4339 Fames.
724 4304 758 4336 cc·
792 4294 852 4347 tum,
869 4288 963 4336 exbibet
977 4282 1096 4333 Nurdlnur
1109 4287 1210 4336 in‘veiis
1219 4301 1267 4337 ant.
1280 4298 1304 4350 2,

246 4365 318 4416 creta,
336 4367 360 4404 et
373 4356 402 4403 nd
413 4371 485 4415 oram,
498 4359 599 4403 Seneca:
617 4369 663 4401 non
678 4356 756 4416 probo
793 4353 816 4398 2.
831 4351 868 4400 Ci.
884 4352 941 4416 tbea
955 4350 1009 4398 Ital.
1024 4358 1070 4398 ent.
1088 4360 1104 4399 t.
1121 4354 1144 4400 8.
1161 4362 1225 4416 parte
1241 4360 1263 4404 3.
1281 4371 1304 4420 p.

244 4421 333 4472 Statim
351 4437 364 4470 e
382 4419 446 4469 libris
464 4419 592 4480 edidi'An
611 4425 692 4467 canda
707 4421 761 4480 jam
796 4417 836 4466 56.
892 4442 896 4450 ⁴
