3042 4950
87 261 92 272 =
195 244 346 315 sema]
589 241 669 299 Lm.
688 242 741 298 xi.
764 241 853 300 cAP.
878 247 923 301 12.
1228 245 1264 300 rc

191 403 268 468 tiani
281 406 457 491 composui:
479 426 549 468 nam
565 403 591 466 is
605 426 733 488 quoque
744 402 842 466 edidit
852 402 944 465 ludos
957 403 1134 482 saeculares3
1157 402 1257 488 iisque

191 487 341 554 intentius
357 490 444 553 adfui
468 487 645 554 Sacerdotio
660 487 934 565 Quindecimvirali
956 488 1117 584 praeditae,
1135 513 1171 552 ac
1186 502 1254 552 turn

193 575 332 638 Praetor:
355 575 441 658 quod
464 597 524 638 non
543 573 693 658 jactantia
710 573 822 650 refero,
843 572 896 636 sed
916 597 991 659 qma
1004 572 1142 657 conlegio
1157 574 1255 650 Quin-

192 656 395 722 decimvirum
417 660 482 724 anti
506 658 590 723 uitus
614 680 651 721 ea
672 680 757 735 cura,
782 672 813 721 et
837 657 1035 742 magistratus
1060 655 1256 743 potissimum

191 745 441 892 exsequebantur
458 683 557 808 odoia
575 742 830 807 caerimoniarum.
877 743 1009 806 Sedente
1024 740 1168 818 Claudio,
1184 741 1255 804 Cir·

189 828 271 892 censi
295 850 332 891 us
352 828 447 907 ludis,
466 851 538 892 cum
558 827 648 914 pueri
669 827 788 892 nobiles
807 827 896 914 equis
914 827 1070 892 ludicrum
1085 828 1194 913 Trojae
1208 825 1257 888 in.

188 912 281 990 irent,
309 913 390 978 inter
411 937 452 978 ue
472 938 525 978 eos
546 913 753 990 Britannicus,
777 915 970 998 Imperatore
992 911 1127 998 genitus,
1152 925 1184 974 et
1210 911 1252 974 L.

188 996 361 1075 Domitius,
416 999 540 1085 optione
555 1021 628 1062 mox
648 997 682 1062 iu
698 997 872 1083 Imperium
889 1009 921 1060 et
933 1008 1176 1082 cognomentum
1190 998 1255 1059 Ne·

190 1084 273 1147 ronis
287 1082 434 1162 adscitus,
448 1084 538 1148 favor
550 1082 650 1169 plebis
664 1084 764 1158 acrior
778 1082 810 1144 iu
825 1082 1012 1161 Domitium,
1030 1082 1097 1148 loco
1109 1080 1253 1168 praesagii

190 1181 336 1255 aceeptus
349 1183 411 1234 est:
435 1169 623 1254 vulgabatur
648 1191 697 1244 ue,
713 1173 735 1205 “
749 1167 886 1231 adfuisse
899 1167 1039 1232 infantiae
1052 1169 1200 1232 dracones
1220 1167 1254 1228 in

190 1253 320 1318 modum
331 1253 496 1318 custodum
503 1255 536 1330 ;”
548 1191 692 1318 fabulosa
700 1266 732 1315 et
743 1252 877 1316 externis
887 1253 1043 1319 miraculis
1052 1253 1255 1316 adsimulata:

190 1359 263 1422 nem
271 1338 349 1487 ipse,
358 1337 602 1424 haudquaquam
612 1337 661 1402 sui
671 1334 836 1415 detractor,
848 1359 943 1402 unam
953 1337 1079 1402 omniuo
1090 1345 1257 1422 “anguem

190 1421 278 1488 ineu
301 1423 383 1488 iculo
397 1423 525 1501 visam,'’
538 1445 663 1487 narrare
677 1421 786 1486 solitus
799 1436 852 1486 est
897 1425 905 1432 ”
1239 1441 1244 1450 ’

234 1509 320 1572 XII.
344 1507 466 1573 Verum
480 1508 636 1571 inclinatio
651 1507 759 1594 populi
775 1521 944 1594 supererat,
958 1531 998 1570 ex
1012 1507 1160 1571 memoria
1174 1506 1257 1570 Ger-

191 1593 314 1671 manici,
330 1593 419 1678 cujus
440 1593 492 1656 illa
507 1592 627 1677 reliqua
646 1592 765 1656 soboles
778 1593 892 1657 virilis:
916 1605 947 1656 et
961 1591 1053 1656 matri
1068 1592 1261 1678 Agrippinae

190 1678 346 1743 miseratio
368 1679 553 1763 augebatur,
573 1678 614 1740 ob
638 1677 786 1741 saevitiam
807 1677 1015 1752 Messallinae;
1044 1676 1117 1764 quae
1136 1699 1257 1762 semper

190 1761 312 1840 infesta,
338 1776 370 1827 et
394 1777 469 1827 tunc
487 1761 679 1840 commotior,
704 1786 770 1847 quo
792 1763 896 1826 minus
923 1773 1056 1826 strueret
1077 1762 1205 1826 crimina
1227 1777 1259 1824 et

191 1859 392 1925 accusatores,
408 1869 489 1910 novo
502 1859 534 1909 et
547 1846 646 1910 furori
660 1846 804 1933 proximo
818 1870 921 1910 amore
936 1847 1140 1911 detinebatur.
1174 1849 1257 1910 Nam

190 2104 272 2160 gustus
289 2110 345 2144 usus
361 2095 399 2151 sit,
412 2105 459 2140 non
474 2100 568 2138 cenent.
601 2090 706 2148 Nam,si
772 2096 805 2139 In
824 2095 919 2140 madum
936 2096 1068 2158 mem]
1094 2094 1180 2141 Genios
1196 2093 1259 2141 eninr

189 2160 283 2208 initium
300 2156 437 2207 numerandi
452 2154 554 2202 duxisset
570 2157 600 2202 ab
617 2170 638 2201 a.
649 2154 706 2200 353.
741 2155 937 2219 speciemguium
952 2173 1062 2220 apparere
1072 2158 1150 2221 opinio
1160 2167 1217 2215 eret,
1233 2167 1261 2204 ut

189 2217 706 2280 aemaentmaios.siveaquertiia.11.
740 2219 885 2268 multislocis
909 2230 1012 2268 oemrum
1020 2229 1090 2285 patet.
1106 2221 1138 2269 V.
1147 2221 1260 2268 Heinset

190 2289 246 2336 605.
257 2285 388 2334 incidissmt
405 2285 429 2330 in
446 2299 468 2331 a.
479 2283 534 2336 715.
544 2282 569 2328 in
584 2296 631 2344 quo
640 2280 707 2342 ponit
741 2283 861 2330 Drakenb-
913 2285 1033 2343 Siliana,
1045 2288 1100 2332 585.
1133 2285 1260 2332 Goriusad

190 2351 298 2400 Zosimus
316 2365 336 2396 c.
351 2352 373 2397 4.
387 2347 427 2395 sed
440 2347 505 2398 falso.
524 2353 546 2393 et
562 2344 707 2393 dissentiente
741 2346 815 2393 Donii
826 2345 899 2395 inser.
909 2357 957 2394 ent
968 2365 992 2410 p.
1001 2350 1041 2395 44.
1057 2349 1130 2398 ΕΠ.
1313 2398 1315 2403 ,

191 2414 318 2466 Censorino
332 2428 353 2460 e.
370 2412 408 2466 17.
423 2411 464 2477 qui
480 2410 505 2456 in
524 2426 545 2456 a.
561 2410 616 2464 737.
634 2409 706 2471 ponit.
775 2413 907 2458 Miraculie
917 2411 1069 2474 addaralata]
1089 2412 1151 2460 Plor-
1162 2414 1260 2460 adriani.

190 2480 237 2530 Sed
254 2479 303 2527 hec
320 2478 436 2540 disputare
452 2489 499 2521 non
516 2481 551 2521 est
566 2474 637 2534 hujus
655 2472 707 2520 loci.
743 2477 808 2521 lata.-
825 2476 889 2540 quod
899 2476 983 2539 recepit
994 2478 1103 2526 Pieheno.
1137 2478 1191 2540 Ego
1200 2478 1261 2526 hanc

190 2544 300 2596 Videant,
313 2543 354 2605 qui
364 2540 453 2597 volunt,
465 2538 567 2599 Pagium
578 2537 641 2584 Diss.
654 2536 707 2599 Hy·
744 2548 824 2586 uotam
845 2540 922 2601 potius
942 2541 1017 2588 etatis
1037 2542 1062 2588 in
1083 2542 1176 2591 librario
1194 2550 1263 2604 puto,

189 2617 237 2673 pat.
250 2607 277 2653 P.
289 2608 312 2653 2.
325 2622 345 2653 e.
359 2606 396 2652 10.
408 2612 430 2651 et
440 2602 482 2667 qui
492 2602 521 2649 de
531 2600 593 2649 ludis
607 2600 707 2649 sectiles
743 2604 786 2666 qui
802 2604 911 2651 Tacitum
926 2614 949 2651 et
963 2605 1063 2667 aequales
1072 2607 1123 2666 ejus
1138 2620 1260 2668 nunquam

191 2672 305 2735 scripsere·
325 2670 397 2718 Ean.
743 2670 884 2725 assimilare,
904 2677 931 2715 ut
946 2669 1074 2731 sequiorem
1090 2678 1190 2727 etatem,
1205 2671 1261 2717 seri.

224 2737 328 2795 collegio
341 2731 570 2792 Quindecimoiram]
588 2728 645 2777 Ideo
657 2728 709 2777 Ho-
742 2732 815 2793 psime
830 2731 935 2790 arbitror,
953 2742 977 2779 et
991 2732 1021 2780 de
1034 2747 1063 2780 eo
1077 2732 1108 2781 ad
1123 2733 1225 2787 Statium
1241 2748 1261 2780 c.

191 2800 263 2848 ratius
281 2798 306 2845 in
324 2799 402 2846 Germ.
422 2797 478 2843 Sec.
494 2795 534 2849 70.
569 2793 708 2848 Quindecim
744 2795 852 2844 adm
863 2790 978 2859 o'oeperirn.
1006 2796 1097 2844 Goon.
1131 2795 1186 2845 MS.
1197 2796 1259 2859 Agr.

190 2866 273 2913 Diana
281 2877 361 2923 praees
372 2864 479 2907 virorem
492 2857 672 2908 Caret.--Et
683 2856 708 2903 in
744 2860 780 2907 ed.
802 2860 894 2907 Puteol.
915 2868 938 2908 et
958 2875 1022 2923 seqq.
1038 2863 1182 2908 assimulata.
1215 2861 1262 2911 Sed

190 2928 294 2975 nummis
314 2924 433 2989 Augustis
466 2937 526 2971 rior.
548 2935 623 2969 cans.
644 2934 707 2969 avc.
744 2924 822 2971 Guelf.
834 2924 869 2971 ed.
882 2938 919 2985 pr.
930 2926 1077 2972 mammea.-
1094 2923 1123 2972 de
1134 2926 1204 2973 verbo
1211 2925 1262 2984 jem

192 3004 259 3039 nvo.
272 3003 348 3039 saec.
366 3002 411 3036 xv.
431 3002 451 3035 s.
465 3002 489 3035 r.
503 2986 528 3034 id
545 2994 589 3046 est,
603 2986 707 3042 Quinde-
743 3003 814 3049 supra
823 2987 919 3035 dictum.
936 2987 1009 3036 Eun.
1026 2987 1090 3035 Bud.
1101 2990 1244 3035 addeniaia.

192 3056 287 3103 eimviri
304 3058 378 3101 rami
389 3054 521 3115 sociandis.
555 3050 708 3113 Quamquam
776 3053 822 3100 Sui
832 3050 959 3115 meream]
976 3052 1099 3101 Bumad
1109 3052 1226 3101 OnMet.
1234 3055 1261 3110 5,

191 3118 221 3166 ed
238 3132 275 3167 soe
285 3126 309 3165 et
319 3119 417 3165 eliorum
428 3116 537 3164 ludorum
548 3129 627 3162 curem
638 3112 708 3176 perti·
744 3116 800 3163 246.
813 3123 879 3177 putat
892 3116 963 3163 fuisse
976 3118 1129 3173 detractator,
1144 3124 1168 3164 et
1183 3131 1224 3178 pro
1234 3131 1262 3164 eo
1358 3130 1361 3137 ·

192 3183 278 3239 nuisse,
289 3182 345 3229 alibi
357 3180 414 3227 mihi
421 3180 517 3227 dictum.
529 3180 611 3227 lares.
744 3179 771 3226 in
781 3179 854 3227 MSS.
865 3179 947 3227 datum
956 3181 1081 3228 detractor.
1112 3181 1204 3229 Verum
1217 3196 1264 3240 pu-

224 3248 387 3307 Magieteatas
401 3246 563 3307 potissimam]
581 3242 634 3289 Hoc
645 3240 710 3289 adid
745 3252 777 3291 to.
793 3243 1262 3307 SicH.l‚ea.libriquidunaeeractteee

192 3318 286 3375 spectat,
303 3307 367 3372 quod
385 3307 511 3355 Praetorem
528 3323 552 3354 se
574 3315 629 3353 tunc
651 3320 711 3368 prae·
744 3320 789 3371 pro
799 3308 973 3371 &remotione
989 3306 1061 3355 Ean.

190 3373 269 3429 misire
286 3388 366 3435 eoque,
378 3371 463 3434 inquit,
474 3385 573 3434 gnarum
588 3369 660 3429 hujus
678 3370 711 3417 rei
782 3373 861 3419 Uriam
871 3373 966 3419 omaieio
976 3373 1091 3435 aegaeae]
1103 3372 1188 3421 Paullo
1197 3372 1263 3420 aliter

191 3436 375 3500 etpermixtum.
392 3436 467 3483 hirs.
746 3434 837 3497 Xiphii
856 3435 897 3492 61,
919 3437 942 3482 2.
962 3436 1004 3499 qui
1025 3436 1120 3485 exuvim
1140 3435 1263 3483 dummxat

232 3502 311 3549 Pueri
326 3498 421 3560 nobiles]
445 3498 511 3546 Male
524 3498 613 3559 Spanh.
627 3497 656 3545 de
671 3496 712 3547 Pr.
746 3497 856 3561 sapentia
877 3497 908 3545 ad
929 3508 999 3563 ceput
1020 3499 1120 3548 Neronis
1140 3500 1207 3562 pueri
1227 3500 1264 3546 in-

191 3565 251 3613 NN.
273 3564 328 3613 diss.
350 3564 389 3625 12,
412 3566 436 3611 2.
455 3563 486 3611 ad
504 3563 666 3611 Britannicum
688 3570 711 3609 et
746 3571 826 3612 ventas
836 3562 883 3610 uite
900 3562 1087 3625 idquevetcsitc
1097 3564 1263 3626 interpretatos,

191 3628 309 3679 Neronem
319 3628 362 3675 hos
372 3627 494 3690 restringit.
520 3624 712 3673 intereosfuisse
746 3641 856 3689 magnam
873 3627 1000 3689 petendam
1014 3630 1045 3675 ab
1058 3627 1263 3678 bomineseneee·¹

191 3693 251 3741 clere
262 3692 358 3741 Tacitus
367 3691 443 3739 resen.
746 3699 851 3753 parrum,
870 3691 926 3754 quia
942 3700 1057 3755 eerpmtes
1120 3691 1157 3739 'tis
1174 3692 1264 3740 exuviis

224 3758 358 3805 Lanarum
372 3756 461 3817 Trojoel
479 3752 517 3801 cf.
529 3753 591 3800 Serv.
604 3751 711 3815 adVirg.
746 3763 886 3804 senectutem
909 3764 1037 3817 exuerent.¹
1085 3770 1101 3806 n
1122 3756 1263 3805 venitatem!

193 3820 250 3869 AEn.
261 3823 286 3878 t,
297 3821 353 3867 645.
380 3820 443 3869 Suet.
455 3817 507 3865 iul.
521 3818 562 3864 39.
588 3817 654 3878 Aug.
667 3816 709 3865 43.
747 3818 824 3865 Inrs.
850 3818 922 3866 Adde
932 3820 1027 3867 Sueten.
1039 3819 1097 3867 Ner.
1108 3821 1131 3867 6.
1148 3820 1220 3869 lieu.

194 3884 241 3933 Dio
251 3885 292 3943 43,
304 3884 344 3931 23.
780 3885 948 3946 Detinebatur]
977 3884 1144 3933 Diaineiatm
1153 3883 1206 3932 edd.
1213 3896 1264 3931 cm·

225 3951 257 3997 1..
265 3951 338 3997 Dom.
347 3944 479 4010 adoptione]
496 3946 552 3994 Huc
563 3944 635 3993 Vaill.
648 3944 709 3993 NN.
747 3961 796 4005 nee,
808 3961 868 4010 quas
885 3947 985 4010 inspexi,
996 3955 1078 4010 preter
1092 3949 1266 4010 primamque·

194 4012 246 4061 Col.
255 4013 280 4061 in
291 4014 349 4061 Ner.
359 4011 429 4061 tralrit
439 4023 565 4057 nummum
571 4010 661 4057 Babba
672 4024 713 4057 cu·
747 4010 817 4059 habet
831 4012 983 4059 benemar.
1015 4012 1095 4061 Verba
1109 4012 1151 4061 ille
1166 4026 1226 4073 sape
1240 4010 1265 4057 in

194 4091 246 4125 sum
259 4092 280 4126 c
298 4078 370 4141 epigr.
388 4087 466 4125 anuo
486 4086 627 4121 cnrvmvs
646 4084 713 4121 can-
748 4074 820 4123 MSS.
833 4074 944 4123 mnfundi
960 4083 1056 4135 censui,
1072 4092 1094 4125 v·
1105 4074 1225 4124 Drakenb.
1236 4074 1267 4121 ed

196 4152 253 4189 een.
735 4137 802 4189 ,Irin
814 4141 839 4195 5,
850 4140 890 4186 20.
902 4146 972 4203 etque
985 4140 1054 4188 etiam
1065 4139 1090 4186 in
1100 4139 1174 4187 editis.
1207 4137 1267 4190 Pro÷

227 4205 340 4267 Infantia
350 4201 411 4266 ejus]
435 4204 541 4251 Aberta
558 4202 637 4251 Guelf.
648 4205 713 4264 qim:
747 4202 798 4264 prie
811 4202 907 4265 quidem
923 4204 1027 4251 aerim
1039 4212 1075 4251 eet
1090 4201 1195 4260 ecanae,
1208 4216 1267 4263 quo,

194 4268 261 4317 bens
288 4268 359 4315 Enn-
372 4276 395 4315 et
405 4283 420 4314 a
429 4266 492 4315 Bud.
505 4266 559 4329 Bip.
571 4265 714 4327 conjiciuntr
747 4280 803 4313 eum
816 4266 887 4313 etiem
901 4266 1013 4315 mufundi
1028 4267 1093 4324 solea
1106 4265 1136 4312 ab
1151 4263 1230 4327 eliqua
1244 4281 1269 4313 re

194 4332 404 4394 adfliasaetidaer
415 4332 452 4377 eir.
465 4330 594 4393 ingeniose:
609 4331 717 4379 firmatur
749 4329 887 4377 absumere.
914 4328 1270 4381 Distisereentemiudiversm

195 4410 238 4457 per
249 4410 347 4459 sequens
357 4409 436 4443 unam.
749 4402 826 4456 partes
837 4394 933 4443 eahae.
950 4390 1034 4455 mque
1044 4392 1070 4442 in
1080 4390 1210 4443 minoda
1219 4392 1272 4444 due

1041 4459 1103 4522 ce
