3042 4950
226 206 261 272 n.
276 210 380 287 o.47.]
624 207 699 272 LlB.
719 207 774 271 Xle
794 209 880 272 cai.
900 220 930 275 3.
1288 220 1307 284 7

268 375 340 440 ΙΙΙ.
371 369 436 438 Sed
453 370 647 437 consultante
666 393 760 460 super
777 375 971 441 absolutione
985 376 1128 460 Asiatici,
1147 369 1226 445 tiens
1240 374 1299 447 Vi-

225 460 339 536 tollius,
353 471 592 524 commemorate
614 463 636 497 “
651 471 805 524 vetustate
823 460 986 540 amicitiae„
996 485 1019 526 ii
1056 487 1097 528 ue
1111 465 1296 546 Antoniam,

224 543 381 631 Principis
409 555 551 619 matrem,
580 543 697 631 pariter
727 545 1001 625 observarisseiit,”
1052 549 1113 627 ein,
1141 551 1296 648 percursis

224 628 390 695 “Asiatici
412 629 447 692 in
468 630 550 693 Rem
575 628 715 710 .officiis,
734 630 913 718 recentique
931 633 1082 698 adversus
1101 633 1295 700 Britanniam

221 715 362 794 militia,''
386 736 522 802 quoeque
574 713 581 727 ’
629 715 830 780 conciliandae
857 716 1074 783 misericordiae
1095 714 1294 798 videbantur,

222 808 246 842 “
260 800 394 866 liberum
408 801 437 865 ei
451 800 559 864 mortis
571 801 753 866 arbitrium”
767 802 925 888 permisit:
949 815 982 868 et
995 817 1100 871 secuta
1114 816 1188 872 suut
1199 805 1303 870 Clari*

220 1043 296 1099 potest
305 1036 350 1084 hoc
360 1049 415 1085 curii
425 1033 566 1100 precedente
575 1031 608 1084 ita
618 1033 737 1097 ooliieieie,
771 1031 901 1098 hadardi,
911 1037 969 1103 quid
979 994 1113 1086 mariani
1122 1046 1145 1087 ct
1156 1041 1291 1101 ιοὶῖιιιᾶιιηι,

220 1109 249 1148 ut
265 1102 413 1162 responderet
431 1102 462 1148 ab
479 1107 507 1149 ct
527 1101 632 1166 pendeat
672 1101 739 1150 Nem
770 1101 914 1166 mirificeque
929 1101 1038 1151 machina
1050 1102 1169 1152 bominem
1185 1107 1292 1180 pretege

220 1163 602 1230 igiicmticcesarisnonpotnit
617 1166 739 1224 ficemut
769 1165 1084 1230 emeritummmegic
1102 1167 1288 1216 lacrimntem

221 1227 301 1290 Scipio
318 1229 351 1276 sic
365 1228 517 1291 responderet
552 1230 598 1278 Sed
613 1229 691 1293 Scipio
706 1230 739 1280 ric
770 1229 818 1278 illic
828 1230 981 1289 detestabiles,
993 1232 1215 1280 etcummcmoratio
1230 1232 1290 1280 ami·

220 1291 347 1355 respondit,
358 1293 391 1341 rei
404 1293 507 1356 tegenda
521 1307 610 1354 caussa,
621 1309 651 1342 ne
662 1294 739 1342 Gasa-
770 1293 831 1342 dcte
840 1294 1022 1358 meritorumque
1030 1294 1073 1354 rei,
1084 1296 1291 1358 etceptatiomisc-

219 1371 269 1403 rem
280 1355 413 1419 epulantem
428 1359 571 1421 peruirliaret
586 1365 627 1406 aut
637 1358 739 1406 Messal-
771 1357 875 1406 ricorffie
893 1358 965 1406 iidem
981 1357 1003 1407 ei
1021 1358 1094 1407 fecere
1107 1358 1229 1408 benevolis
1248 1360 1291 1423 qui

219 1419 294 1468 linem
314 1421 419 1469 irritaret.
459 1421 612 1470 Smibendum
633 1422 739 1484 arbitmr,
771 1437 829 1470 mox
839 1421 903 1470 idem
912 1432 993 1486 peteris
1003 1437 1046 1487 pro
1056 1423 1166 1471 beneficio
1180 1430 1204 1471 et
1218 1422 1251 1471 rei
1267 1432 1291 1472 ct

220 1486 379 1546 respondebat,
399 1485 436 1533 vel
452 1487 578 1548 respondit.
616 1486 741 1535 Acidaliae
771 1499 815 1536 suo
832 1486 927 1534 nomine
943 1486 1097 1536 voluntariam
1116 1495 1223 1546 mortem,
1245 1485 1291 1535 du·

219 1547 288 1608 vidit,
310 1549 352 1612 qui
377 1549 469 1612 corrigit
496 1551 641 1612 respondere.
666 1550 740 1600 Eas.
771 1551 827 1614 plici
845 1551 956 1599 miserum
975 1549 1108 1614 prejudicio
1128 1559 1218 1614 gravat,
1239 1558 1291 1598 tari·

220 1611 294 1672 Bene,
306 1613 517 1673 credo‚Hciiisiusr
535 1615 735 1677 capacitas...
772 1629 853 1678 quam,
875 1615 916 1678 qni
934 1615 1063 1679 semetipse,
1084 1622 1108 1662 et
1128 1629 1198 1678 quein
1218 1613 1291 1663 bomo

221 1677 373 1737 responderit.
771 1678 999 1727 benevolentissimae
1015 1694 1043 1728 ac
1057 1686 1161 1742 precator
1221 1677 1291 1740 plido

245 1741 293 1787 Scri
304 1742 669 1808 secutura-commemorata]
682 1741 740 1793 vid.
770 1742 870 1804 dignum
879 1751 1016 1818 ignosceret
1032 1741 1175 1791 Idsatisfiiit
1240 1741 1289 1803 dio,

219 1804 436 1854 moxnotemadr.
444 1808 563 1868 permeat
576 1806 648 1856 Eitis.
674 1807 738 1856 Bud.
766 1806 921 1868 perindcbic,
937 1815 965 1855 ut
978 1807 1052 1870 prius,
1067 1807 1206 1854 nibilultro
1221 1821 1290 1854 erru-

220 1870 369 1916 ceriraltariti.
771 1876 827 1926 toto,
844 1879 869 1918 et
886 1871 1035 1932 jamdudum,
1071 1885 1109 1918 ιιιιι
1131 1870 1226 1918 dixisse
1240 1869 1290 1934 ipsc

251 1931 382 1980 Aritorrlam
412 1930 578 1998 Dequalepis
589 1935 673 1982 Romae
688 1934 738 1997 (ap.
771 1933 899 1995 Asiaticae
913 1936 993 1983 oblito.
1091 1933 1290 1998 quenadmodum

220 1993 290 2042 Grut.
309 1999 363 2060 pe
398 1996 416 2057 .)
433 2010 578 2046 aaronitas
595 2009 738 2045 svovsrai
771 1995 922 2054 bicerentiis,
934 1998 1059 2046 corruerim
1074 1997 1188 2061 principio
1202 1998 1291 2061 totique

219 2070 307 2106 sinvsi
334 2071 505 2107 sacaanori.
528 2063 737 2108 n1v1svovs'rt
771 2059 855 2107 actioni
863 2059 959 2117 Vitellii,
967 2059 1090 2107 finitimus
1098 2060 1289 2121 esthauddiibic,

220 2121 325 2170 isarel.
338 2133 379 2170 ri.
394 2122 509 2171 ccsvnl.
523 2135 737 2172 susurrasse.
769 2122 1099 2186 quotquotincoosssioeiaut,
1107 2124 1196 2172 saum
1204 2125 1289 2188 ignari

220 2197 244 2232 r.
258 2199 282 2234 r.
305 2185 382 2236 liris.
769 2185 904 2250 multosque
922 2188 1015 2247 Roma,
1033 2187 1092 2234 dum
1107 2188 1171 2235 tama
1182 2188 1238 2236 tacti·
1253 2200 1291 2237 sc-

252 2251 366 2298 Librrum
384 2251 418 2318 ci]
446 2251 507 2300 Satis
526 2250 620 2300 confuse
638 2247 690 2312 ista,
711 2259 739 2299 ut
769 2249 844 2297 rimi:
856 2249 890 2298 ite
898 2250 1291 2316 Teamaimnoerescpptnnac

218 2313 330 2383 pleraque
347 2315 426 2364 omnia
441 2315 486 2364 hoc
504 2315 578 2365 libro:
602 2330 673 2378 quem
692 2315 739 2364 scio
770 2313 895 2376 lcssmteim
906 2315 1290 2379 atquceoipsocjusattentioncrii

219 2379 410 2441 inteipolatuma
425 2381 488 2428 mala
500 2380 568 2428 etim
586 2379 643 2426 eiita
657 2393 737 2427 manu.
770 2378 864 2434 excitat,
875 2378 1045 2443 mirantemque
1059 2393 1086 2428 cc
1095 2379 1241 2440 destitiitum,
1252 2381 1291 2428 iii-

219 2443 338 2491 Senteutie
355 2451 433 2493 tamen
448 2444 498 2493 baec
514 2459 543 2493 cx
584 2443 635 2492 'orie
646 2445 686 2503 60,
698 2445 738 2493 29.
769 2440 907 2505 dignimtem
917 2443 1013 2507 negotii,
1028 2444 1102 2493 scalas
1113 2443 1212 2506 Vitellii,
1224 2445 1290 2494 rani·

218 2514 247 2554 rit
264 2509 403 2557 subornatos
420 2508 539 2569 Vitellius,
561 2508 628 2572 quasi
648 2507 739 2556 Valerii
770 2513 843 2555 tatem
860 2516 979 2556 acerum
998 2508 1091 2556 clandii
1107 2516 1149 2556 sut
1167 2508 1290 2572 cogitando

218 2572 421 2635 nomiiie,crilpani
427 2573 577 2637 agnoscentis,
583 2580 670 2635 purim
676 2586 739 2619 mor·
768 2570 882 2630 invenire,
893 2581 934 2620 aut
946 2571 1041 2621 aliunde
1054 2573 1175 2635 exquirere
1187 2574 1291 2637 compel-

218 2635 249 2682 tis
263 2636 402 2685 arbitriumr
419 2637 491 2701 idque
505 2635 631 2685 aclaudio
646 2650 738 2685 conces·
769 2633 805 2681 lic
839 2635 886 2682 illa
896 2635 959 2683 enim
973 2636 1061 2696 omnis,
1077 2636 1209 2686 crimmis
1219 2652 1290 2700 super

219 2713 279 2747 sum.
296 2700 372 2749 Iriiis.
769 2698 915 2749 absolutionc
940 2699 1060 2764 Princeps,
1087 2700 1145 2747 flens
1169 2699 1289 2763 Vitellius,

251 2764 299 2828 Et]
312 2764 375 2811 Bud.
387 2767 433 2813 illi.
447 2764 530 2813 Heins.
541 2764 690 2813 volebatrec.
770 2762 879 2817 amicitia,
898 2770 996 2827 mucce
1013 2764 1144 2813 communis
1163 2771 1187 2813 et
1208 2765 1289 2813 eaden

252 2830 382 2893 Permisit]
400 2830 517 2892 Interprcs
531 2837 573 2893 est,
590 2827 632 2891 qui
647 2828 739 2877 mavult
771 2825 889 2889 Principis
906 2835 988 2887 mater,
1003 2842 1039 2875 res
1054 2836 1124 2891 gesta
1140 2827 1205 2876 domi
1221 2830 1290 2877 belli-

218 2906 289 2953 ruper
302 2894 426 2955 supplicio,
441 2908 513 2957 quani
529 2907 599 2955 repca
614 2893 738 2939 moturu-
770 2905 826 2954 que,
845 2890 999 2941 misericordia
1018 2891 1149 2955 implorem,
1171 2892 1288 2942 αἰοιιΙιιιιι

218 2971 521 3085 ιιιιιιιι
551 2955 739 3070 ιιιιι
769 2954 1288 3083 mutatas

218 3084 371 3133 censimum
393 3086 461 3135 amici
483 3100 572 3145 casum,
595 3092 619 3133 et
638 3091 738 3133 mortem
769 3096 827 3129 rarii
837 3084 859 3130 cl
870 3085 954 3131 mortis
966 3085 1092 3131 arbitrium
1100 3086 1229 3146 permisit.-
1244 3086 1290 3134 boc

218 3148 270 3209 ejus
289 3148 418 3208 decernere,
438 3150 458 3197 si
472 3150 582 3211 Princeps
603 3146 739 3197 ostendisset
769 3154 813 3207 cst,
823 3146 912 3210 rogarit
922 3146 1055 3211 Pnnnpen
1064 3155 1087 3195 ct
1100 3162 1142 3195 suo
1156 3156 1180 3197 ct
1190 3148 1289 3197 Asiatici

219 3212 381 3260 seaduutiora
389 3212 506 3261 inclinare.
529 3212 584 3261 Noii
594 3213 689 3274 legerat,
697 3220 739 3260 siit
770 3210 873 3270 nomine,
884 3210 1290 3275 uteitanquemcont'essoconrioto-

218 3275 364 3325 intellexerat
381 3292 475 3339 parum,
498 3292 551 3339 quie
572 3276 679 3340 preclare
700 3276 739 3325 hic
769 3274 994 3350 quctcoocaderetiir
1006 3282 1088 3339 sponte
1101 3276 1228 3337 mori,noii
1244 3279 1289 3325 sub

117 3332 123 3343 '
218 3338 347 3387 Mercrius.
387 3340 422 3389 Et
438 3341 518 3397 miror,
535 3340 614 3403 ipsum
629 3339 738 3402 Dipsium
769 3338 884 3387 &millae-
916 3339 1009 3387 Remu
1023 3340 1190 3402 ripcrrviprrcrt
1208 3342 1289 3389 Etre-

218 3403 392 3452 admonendum
403 3404 480 3453 foisse.
504 3403 737 3453 Tacitusenimsuc·
770 3409 825 3449 outa
846 3408 902 3450 raet
925 3404 1022 3451 Claudil
1048 3404 1117 3451 verbo
1140 3405 1168 3451 tri
1191 3407 1288 3452 mederis

218 3466 313 3515 vuumo
322 3468 415 3531 lepore,
430 3468 454 3515 iri
469 3483 494 3516 re
512 3467 667 3531 inexspectata
684 3482 738 3515 nar-
770 3468 924 3514 clcrrertiom.
958 3467 1043 3531 Itaque
1053 3467 1119 3516 locus
1132 3466 1171 3515 hic
1184 3468 1243 3516 milii
1253 3468 1288 3517 vi.

218 3531 299 3591 rande,
311 3532 386 3580 verbis
404 3547 498 3596 quoque
513 3532 593 3590 utitur,
614 3546 667 3594 qua
683 3530 738 3579 illu·
767 3528 838 3578 detui
853 3529 985 3593 singulen'c,
1003 3539 1027 3580 ct
1042 3532 1081 3580 ciii
1098 3531 1195 3595 antiqua
1208 3532 1249 3581 ills
1266 3533 1289 3582 Ιι

218 3594 349 3657 diotrepi
366 3596 506 3657 προσδοκίαν,
518 3604 541 3644 et
556 3594 642 3642 fallunt
656 3610 738 3659 exspe-
769 3595 807 3642 vel
817 3594 843 3642 X
853 3594 942 3658 praeligi
956 3594 1053 3643 debeatt
1070 3604 1163 3644 uatum
1177 3598 1249 3656 abest,
1261 3610 1289 3645 ut

217 3660 342 3707 stationem
352 3658 463 3722 legeritis:
481 3668 504 3707 et
511 3668 590 3707 tamen
598 3674 667 3707 suurn
678 3658 738 3706 illud
769 3659 1138 3708 amumndusautlabcfactandus
1146 3659 1183 3707 sit.
1195 3660 1287 3709 Sacis.

218 3724 295 3784 ciprii
310 3732 392 3771 uruat.
423 3724 506 3772 Etiam
521 3723 658 3771 Messallinc
673 3738 736 3771 com·
769 3721 809 3770 Dc
821 3737 846 3771 rc
862 3722 923 3771 nihil
938 3723 1022 3782 habco,
1034 3723 1097 3787 quod
1111 3733 1190 3771 mritis
1203 3724 1287 3772 dicam

217 3795 282 3835 mota
291 3796 348 3847 crat,
358 3803 411 3862 quie
420 3788 564 3849 jurcinJ'uria
571 3787 738 3849 perditumvc·
769 3786 825 3844 Sed,
848 3802 878 3834 an
902 3787 970 3835 istius
993 3787 1073 3836 Soatra
1097 3787 1288 3853 supplantationis

217 3850 281 3899 lebat
295 3851 444 3914 Asiaticum
461 3852 549 3900 nedum
561 3850 738 3909 conducent
767 3849 914 3899 Corneliana
929 3865 984 3913 pars
1002 3851 1074 3899 atiani
1093 3861 1136 3912 ast,
1153 3852 1255 3900 recedere
1273 3868 1289 3899 a

217 3914 312 3963 nullum
327 3915 352 3962 iii
371 3932 426 3963 euin
444 3915 565 3980 proprium
585 3926 632 3963 crat
649 3914 737 3962 odium.
768 3915 856 3977 regulis
866 3914 1029 3978 grammaticis,
1044 3924 1068 3963 et
1080 3915 1161 3963 sallem
1170 3916 1287 3975 lectorem

218 3978 292 4043 Ergo,
311 3979 396 4027 audic's
414 3981 527 4043 partibus,
546 3988 668 4041 rogaturus
686 3994 738 4027 scii-
769 3980 867 4026 verbnm
881 3978 1039 4041 adjungendo,
1055 3979 1118 4043 quod
1134 3978 1289 4041 superioribus

218 4043 309 4102 tentiae,
326 4043 416 4108 aliquid
424 4045 487 4105 jecit,
500 4060 529 4092 ex
545 4059 593 4107 quo
603 4044 736 4106 apparebat,
769 4042 836 4089 nullo
845 4042 916 4089 modo
927 4042 1067 4091 conveniat?
1085 4044 1145 4091 Miri
1154 4050 1209 4089 siint
1217 4041 1289 4090 inter.

218 4106 344 4171 placatum,
362 4116 385 4157 et
401 4109 543 4157 absolventes
558 4107 630 4171 aquis
644 4106 739 4155 auribus
768 4106 828 4153 durii
839 4106 965 4154 doctissimi
974 4106 1087 4155 homines.
1115 4107 1177 4153 Cum
1186 4104 1211 4151 ln
1222 4120 1288 4153 meii-

221 4170 375 4219 sdmissurum
385 4168 442 4221 esse.
460 4173 509 4221 Hic
518 4172 639 4233 Vitellius,
649 4184 740 4219 memor
769 4177 819 4217 tem
829 4170 900 4231 venit,
915 4168 995 4219 omnis
1003 4177 1101 4235 possunt
1111 4182 1157 4216 non
1168 4168 1238 4216 inodo
1247 4170 1288 4218 dc·
1310 4230 1312 4233 y

223 4246 250 4295 pr
309 4236 328 4283 ti
342 4236 495 4298 Marcelline,
509 4236 597 4294 dcciiii,
614 4234 672 4300 quid
682 4242 740 4283 meet
770 4233 872 4295 tedere,
883 4234 924 4283 scd
935 4234 1007 4283 etiam
1016 4246 1134 4292 marnam,
1145 4240 1173 4279 ut
1181 4232 1289 4306 pulcher-

223 4299 285 4360 apiid
316 4299 741 4366 aciaimalibi,perrtmtiatmicoram
771 4297 832 4346 rima
849 4298 903 4348 sirit.
943 4299 998 4361 ligo
1013 4296 1079 4345 nullo
1095 4295 1166 4345 modo
1181 4296 1288 4346 inducere
