3042 4950
143 356 144 361 Ν
227 268 281 329 rra
638 264 868 327 innatum
1115 271 1300 345 [asara.

224 427 324 493 Drusi
337 426 444 506 filiam,
459 427 668 515 Sabinamque
683 432 854 517 Poppaeam
868 430 909 496 ad
918 445 1048 495 mortem
1068 444 1170 499 actas:
1186 446 1218 499 et
1228 433 1293 499 Va-

225 514 338 577 lerium
352 512 539 592 Asiaticum,
563 515 697 579 Lusium
719 516 932 594 Saturninum,
957 517 1138 583 Cornelium
1160 520 1300 607 Lupum,

224 598 449 671 circumventos
461 623 473 689 :¹
490 600 557 685 jam
578 600 735 685 Equitum
754 601 971 665 Romanorum
989 602 1115 687 agmina
1134 603 1292 684 damnata,
1353 607 1357 611 ’

224 706 410 781 omnemque
425 684 550 748 Claudii
565 685 732 749 saevitiam'’
748 684 1066 785 Suilioobjectabant.
1092 689 1161 768 Ille,
1179 697 1200 728 “
1216 689 1295 753 nihil

225 792 265 831 ex
279 768 327 832 hrs
343 782 452 855 sponte
469 784 658 855 susceptum,
681 769 734 833 sed
750 770 889 856 Puncrpr
911 774 1078 855 paruuse,”
1094 773 1292 854 defendebat,

224 854 322 918 donec
336 876 404 917 eam
418 854 588 917 orationem
604 858 710 919 Caesar
724 854 874 934 cohibuit,
896 863 918 893 ‘⁶
934 870 1127 949 compertum
1143 859 1230 937 sibi,”
1244 882 1293 923 re.
1389 868 1395 880 “

223 939 336 1017 serene,
350 947 371 978 “
383 963 422 1003 ex
431 939 659 1003 commentariis
691 938 834 1018 atrissui,
848 938 967 1004 nullam
976 942 1293 1027 cu'usquam‘accuaa-

223 1025 339 1088 tionem
353 1025 394 1088 ab
410 1048 447 1087 eo
461 1026 626 1087 coactam.''
705 1046 758 1087 um
774 1032 796 1063 “
809 1026 898 1111 jussa
908 965 1115 1091 Messallis&
1129 1030 1292 1113 praetendi,

223 1124 255 1172 et
268 1110 372 1173 labare
385 1108 531 1173 defensio.
567 1116 588 1147 “
602 1109 669 1173 Cur
682 1110 765 1171 enim
780 1109 933 1174 neminem
947 1110 1044 1175 alium
1059 1111 1224 1192 delectum,
1236 1114 1293 1199 qui

223 1194 372 1272 saevienti,
387 1193 553 1281 inpudicae,
569 1216 676 1272 uocem
690 1196 867 1281 praeberet?
890 1196 1071 1261 Puniendcs
1084 1221 1187 1262 rerum
1210 1213 1292 1263 atro-

203 1278 306 1343 ¹cium
321 1280 487 1358 ministros,
509 1280 565 1343 ubi
602 1280 680 1357 retia
694 1279 843 1343 scelerum
864 1280 980 1369 adepti,
1004 1282 1117 1346 scelera
1137 1283 1205 1370 ipsa
1224 1284 1295 1349 aliis-

223 1364 396 1450 delegent.”
430 1366 447 1429 1
472 1366 546 1442 itur,
559 1302 705 1451 adempta
718 1366 872 1428 bonorum
886 1377 975 1451 parte
987 1372 1071 1451 (nam
1083 1368 1148 1431 filio
1162 1380 1193 1432 et
1204 1370 1292 1455 nepti

221 1472 294 1536 pars
316 1388 560 1523 concedebatun
587 1448 865 1534 eximebanturque
884 1450 988 1529 etiam,
1013 1474 1086 1537 quae
1110 1465 1293 1519 testamento

221 1534 338 1612 matris,
354 1548 410 1598 aut
423 1535 502 1598 aviae
516 1538 710 1620 acceperant)
723 1534 756 1597 in
770 1533 887 1598 insulas
901 1536 1046 1599 Baleares
1059 1535 1204 1622 pellitur;
1227 1561 1290 1604 nou

220 1620 335 1706 inipso
350 1619 534 1698 discrimine,
545 1642 611 1701 ,non
625 1632 696 1705 post
706 1618 935 1683 damnationem
946 1620 1064 1685 fractus
1074 1622 1196 1686 animo:
1212 1623 1292 1705 feref

220 1706 388 1791 baturque,
404 1728 440 1769 co
463 1705 527 1769 iosa
537 1718 568 1770 et
582 1703 668 1770 molli
678 1704 746 1793 'vita
761 1718 913 1771 secretum
925 1704 1006 1769 illud
1020 1705 1204 1771 toleravisse.
1236 1710 1291 1772 Fi-

219 1789 299 1855 lium
313 1792 393 1877 ejus,
414 1728 613 1867 Ninulinum,
634 1789 788 1875 adgressis
801 1788 1051 1869 adcusatoribua,
1071 1814 1128 1877 per
1141 1791 1290 1856 invidiam

159 1920 167 1925 -
219 1874 318 1961 patris
332 1888 364 1939 et
377 1875 506 1939 crimina
520 1874 776 1963 repetundarum,
787 1874 958 1939 intercessit
968 1876 1127 1963 Princeps,
1139 1890 1289 1964 tanquam

221 1960 294 2025 satis
305 1984 343 2023 ex
367 1959 429 2023 leta
443 1959 568 2027 ultione.
776 1972 780 1977 ’

264 2044 329 2109 XL
387 2094 394 2109 .
416 2048 481 2109 Per
493 2045 577 2110 idem
591 2058 726 2133 tempus,
741 2045 892 2111 Octavius
913 2048 1044 2134 Sagitta,
1058 2047 1160 2135 plebei
1173 2047 1292 2113 Tribu-

220 2154 292 2208 nuS,
308 2130 440 2210 Pontice,
455 2129 593 2195 mulieris
605 2144 724 2217 nuptae,
747 2153 852 2195 amore
870 2155 988 2211 vecors,
1008 2133 1186 2219 ingentibus
1200 2132 1290 2199 donia

219 2214 420 2294 adulterium,
435 2230 466 2280 et
480 2237 565 2292 mox,
589 2231 626 2279 ut
639 2215 796 2279 omitteret
810 2216 969 2295 maritum,
988 2232 1172 2296 emereatur,
1195 2240 1289 2282 suum

219 2300 451 2368 matrimonium
487 2300 659 2379 nominem,
685 2324 721 2365 ac
742 2302 869 2386 nuptias
887 2303 956 2387 ejus
969 2316 1109 2389 pacina.
1138 2302 1212 2377 Sed,
1232 2303 1289 2366 ubi

218 2386 331 2451 mulier
344 2408 444 2450 vacua
457 2324 530 2463 liiit,
546 2398 666 2449 nectere
680 2408 794 2463 moras,
811 2391 833 2423 “
847 2385 1125 2485 adversampatris
1145 2386 1290 2451 volunta-

218 2472 301 2536 tem''
315 2470 460 2549 caussari,
474 2487 659 2558 repertaque
680 2495 694 2535 s
755 2470 876 2556 ditioris
896 2472 992 2560 conju
1026 2497 1051 2551 s,
1071 2470 1223 2571 promissa
1236 2496 1291 2536 ex-

218 2580 303 2621 uere.
348 2556 502 2620 Octavius
515 2569 622 2620 contra
642 2493 736 2620 modi
754 2555 913 2642 conqueri,
930 2579 961 2619 m
1004 2581 1024 2620 o
1042 2557 1189 2636 mmitari,
1206 2565 1227 2597 “
1241 2557 1289 2622 fa·

217 2665 303 2706 mam
317 2640 483 2729 perditam,
498 2641 662 2727 pecuniam
677 2641 879 2704 exhaustam”
893 2641 1068 2706 obtestans:
1091 2641 1228 2729 denique
1242 2667 1289 2708 sa-

217 2727 326 2805 lutem,
338 2749 412 2812 quae
420 2725 485 2789 sola
494 2725 614 2811 reliqua
622 2738 711 2803 esset,
716 2725 845 2790 arbitrio
852 2726 921 2790 e'us
929 2727 1119 2813 permittens.
1134 2729 1289 2814 Ac‚pcst·

241 2835 315 2876 uam
330 2811 543 2898 spernebatur,
560 2818 582 2849 “
596 2807 718 2874 noctem
726 2833 822 2875 unam
831 2750 880 2874 ad
888 2811 1049 2877 solatium”
1063 2812 1173 2898 poscit,
1188 2820 1209 2853 “
1245 2835 1288 2877 ua

217 2837 377 2976 delinitus,
391 2897 486 2961 modo
501 2896 706 2984 inposterum
720 2895 911 2960 adhiberet”
955 2897 1111 2962 Statuitur
1124 2921 1198 2964 nox.
1273 2910 1287 2962 t

247 3124 323 3171 Jarrc
339 3124 414 3170 Mers.
428 3123 559 3188 prateab]
579 3123 627 3171 Ed.
642 3135 679 3186 pr.
701 3124 735 3177 (et
767 3124 835 3181 cciae,
854 3121 918 3187 quod
936 3122 1022 3186 roeapit
1039 3120 1175 3178 Broteriusr
1204 3122 1287 3172 hair.

215 3185 479 3250 ood.Bud)proterrdt.
511 3187 574 3234 Mox
585 3189 697 3234 dabam
707 3195 735 3233 ut
767 3185 1012 3247 chemiiccnjecturam
1021 3184 1197 3235 humanans.
1213 3187 1287 3236 Ena.

216 3251 272 3300 MS.
284 3249 347 3298 mor.
363 3260 387 3298 et
400 3252 460 3314 Agr.
476 3250 540 3314 quod
555 3265 610 3298 cum
621 3251 647 3298 J.
660 3249 733 3298 Gron.
769 3249 833 3297 Bud.
845 3252 903 3297 cvi:
920 3250 961 3298 sed
970 3251 1054 3299 rectius
1065 3249 1128 3298 Flos.

216 3316 298 3379 recepi.
333 3313 420 3364 Cetera
432 3317 467 3379 (ct
476 3315 526 3364 cod.
541 3314 618 3374 Bud.)
629 3316 734 3363 aberam.
802 3315 916 3362 Octavius
926 3320 1007 3361 contra
1022 3316 1089 3361 modo
1099 3316 1177 3379 cona]
1193 3314 1219 3363 A
1230 3314 1288 3364 MS.

216 3379 273 3428 Ms.
284 3379 364 3430 Guelt
375 3382 491 3427 amium
502 3381 628 3434 allectum,
645 3377 733 3426 vitiose,
768 3376 831 3425 Bud.
842 3380 920 3426 aberm
929 3379 1005 3437 modo,
1016 3394 1031 3426 s
1042 3378 1121 3426 cunt
1131 3381 1197 3428 abeat
1207 3386 1289 3428 contra

216 3445 273 3492 Post
283 3445 389 3505 augure
398 3445 453 3491 aliis
463 3445 548 3490 scelera
558 3441 679 3505 exquisite,
691 3456 734 3505 pro
767 3443 841 3490 modo.
875 3441 943 3489 idern
959 3457 1016 3490 mcx
1031 3449 1158 3503 muamus,
1191 3443 1239 3492 uod
1249 3443 1287 3492 hic

214 3507 303 3556 inalios
311 3515 414 3556 auctores
421 3506 558 3556 transferres
570 3514 648 3554 sumta
658 3505 734 3553 forma
767 3519 815 3553 non
824 3505 926 3553 alienum
936 3505 1008 3553 foret:
1022 3505 1168 3570 sedsapein
1204 3507 1289 3556 alibro

214 3571 325 3636 loquendi
343 3588 359 3620 a
373 3587 398 3619 re
415 3571 552 3634 pecuniaria.
595 3567 676 3619 cicero
693 3585 733 3618 ex·
767 3575 883 3617 armare
893 3569 999 3618 scribitur
1014 3584 1057 3633 pro
1073 3572 1199 3618 obastarts
1216 3572 1289 3619 etob-

215 3636 321 3698 emplum
332 3635 422 3698 preivit
432 3635 519 3698 Onpr.
531 3635 600 3682 Font
611 3635 635 3681 t.
646 3634 733 3695 quidet
768 3639 854 3681 arram
864 3633 888 3680 h.
900 3633 917 3681 1.
928 3633 1050 3682 effimdus.
1080 3635 1154 3682 Ean.
1183 3634 1248 3682 Bud.
1259 3643 1287 3684 ut

213 3703 256 3748 icoc
270 3702 359 3747 crimen
371 3701 466 3762 optimis
480 3700 612 3746 nominibus
628 3699 733 3759 delegare
753 3690 755 3694 ’
767 3696 847 3745 Guelf.
859 3712 907 3744 non
917 3697 988 3745 habet
998 3704 1080 3745 corba
1089 3699 1164 3759 modo,
1181 3698 1212 3746 ad
1222 3699 1287 3762 quoti
1386 3701 1402 3726 '

210 3779 342 3828 mmai.
375 3763 408 3812 V.
418 3763 521 3827 plurain
532 3760 662 3812 clarecit.
674 3761 731 3809 inb.
765 3775 814 3827 non
831 3761 886 3810 satis
900 3760 999 3809 attmdit
1014 3761 1092 3810 Rhea.
1131 3761 1194 3810 Bud.
1214 3763 1286 3810 etiam

199 3840 238 3877 ·v.
269 3827 338 3877 Ean.
358 3827 365 3844 “
767 3825 895 3882 abusum
918 3825 1019 3874 altarum
1030 3825 1091 3874 illud
1105 3825 1196 3875 ridetur
1213 3827 1285 3890 perti·

247 3895 313 3942 Filio
320 3899 343 3940 et
351 3908 380 3940 nc
397 3894 416 3940 ti
422 3908 481 3954 perr
492 3890 667 3953 concedebatur]
679 3889 732 3937 Ab·
766 3902 820 3937 nere
830 3889 860 3936 ad
871 3889 952 3937 Guelf.

213 3958 267 4022 lego
285 3966 307 4005 ta
323 3956 353 4004 ad
390 3957 502 4018 ujacium,
519 3956 578 4003 Oba.
593 3955 617 4008 6,
634 3955 673 4002 23.
708 3953 733 4000 ui
800 3955 932 4016 Portqaam
941 3955 1104 4019 apocabatur]
1116 3954 1222 4004 Verbum
1230 3969 1285 4016 pro·

212 4032 267 4071 aute
285 4035 324 4069 me
342 4021 434 4069 abunde
453 4021 519 4069 dixit.
561 4019 637 4066 Iura
701 4032 733 4064 ox
766 4015 844 4080 prium
861 4017 886 4063 in
901 4032 928 4064 re
948 4018 1067 4073 amatam,
1088 4033 1143 4066 cum
1163 4031 1211 4064 non
1231 4018 1284 4066 red·

213 4091 349 4148 acceperam
361 4085 437 4148 accipe
449 4084 479 4134 de
494 4084 544 4132 filio
559 4091 583 4131 et
597 4097 614 4130 n
644 4089 673 4136 te,
691 4089 732 4128 aut
766 4095 852 4136 amere,
867 4079 908 4128 sed
924 4080 1057 4139 baddim
1073 4081 1103 4128 de
1120 4096 1167 4144 quo
1184 4080 1285 4144 copiose,

214 4150 275 4210 solis,
287 4157 328 4196 aut
339 4149 424 4197 Suillio
439 4157 504 4211 patre
520 4148 598 4196 simul.
614 4097 670 4194 elta
685 4159 732 4192 uon
767 4154 794 4192 ut
810 4145 880 4208 ⁴solet,
899 4144 1033 4193 Brcukhus.
1052 4145 1084 4193 ad
1104 4145 1194 4195 Tibull.
1217 4146 1283 4206 1,t,

215 4225 274 4274 opus
292 4228 346 4260 cum
368 4211 473 4262 Mercero
493 4217 618 4274 comperm-
659 4207 732 4269 Quod
768 4209 840 4271 atu
853 4209 893 4257 93.
903 4207 946 4256 ubi
955 4208 1162 4273 hal-noucmisit.
1178 4209 1286 4269 Modum,

215 4275 407 4388 maffia
424 4277 591 4390 miiidvi'
603 4279 734 4388 attilii
765 4271 953 4386 ff'i‘td‘·
966 4273 1055 4337 ”³⁰⁸³
1075 4273 1201 4338 ΨΜ
1218 4287 1283 4324 'm'

364 4355 442 4390 nesse
583 4373 589 4388 .
815 4369 822 4383 .
922 4371 929 4385 .
