3042 4950
235 246 266 285 n.
281 249 309 307 ς.
325 232 385 303 os]
603 234 678 294 LlB.
695 232 759 291 XV.
789 229 877 291 CAP.
898 235 945 291 tt.
1036 322 1040 329 ι
1229 229 1287 293 297

234 393 368 470 feminee,
383 393 499 479 quibus
513 394 613 457 mariti
628 408 725 457 erant.
771 394 833 457 Sed
844 416 906 457 non
917 417 976 480 ope
990 394 1137 469 humana,
1152 414 1215 457 non
1229 392 1289 455 lar-

234 476 403 562 gitionibus
425 477 586 562 Principio,
601 492 657 541 aut
670 481 776 542 Deum
770 476 1004 625 eplncamentis,
1020 477 1189 542 decedebat
1209 477 1289 539 infa-

235 562 307 638 mia,
322 563 399 647 quin
408 561 530 646 jussum
546 561 722 625 incendium
736 585 770 625 cr
810 575 923 627 eretur.
966 565 1055 647 Ergo
1069 562 1221 626 abolendo
1234 584 1290 624 ru·

234 646 313 707 mori
328 646 415 708 Nero
428 646 568 710 subdidit
581 670 659 723 reos,
675 661 706 709 et
718 646 939 732 quaesitissimis
952 647 1053 733 poenis
1063 646 1188 724 adfecit,
1198 670 1288 732 quos,

235 729 422 815 pertingitis
441 730 567 808 invisoS,
589 732 703 817 vulgus
721 732 919 796 Christianos
937 730 1121 817 adpellabat.
1165 730 1289 793 Auctor

235 815 367 877 nominis
380 815 448 900 ejus
462 814 616 892 Christus,
627 816 756 880 Tiberio
770 815 975 901 imperitante,
984 838 1041 901 per
1052 818 1287 879 Procuratorem

234 898 385 963 'Pontium
413 899 551 964 Pilatum
577 900 730 987 supplicio
753 899 894 963 adfectus
919 915 1004 965 erat:
1033 921 1233 986 repressaque
1256 899 1288 961 in

258 1006 370 1047 roesens
378 983 540 1049 exitiabilis
551 984 726 1071 superstitio
734 1006 843 1071 rursus
851 986 1044 1072 erumpebat,
1056 1006 1118 1048 non
1129 982 1223 1068 modo
1233 1006 1289 1069 per

235 1006 396 1146 iudaeam,
405 1068 554 1155 originem
563 1071 632 1155 ejus
642 1068 790 1145 mali,sed
844 1069 1289 1155 turbemetiam‚quocuncta

236 1152 376 1238 undique
389 1154 503 1217 atrocia
517 1166 574 1218 aut
586 1152 733 1239 pudenda
746 1174 804 1215 con
829 1167 909 1215 uunt
922 1154 1186 1238 celebranturque.
1224 1152 1289 1240 lgi-

236 1247 289 1299 tur
297 1236 398 1321 primo
406 1260 497 1303 coure
520 1238 553 1314 ti,
586 1235 1290 1316 uisatebentur,deinde,indicioeorum,mul-

237 1320 339 1382 titudo
356 1321 475 1405 ingens,
497 1260 584 1385 linui
601 1320 729 1408 perinde
746 1320 779 1383 in
800 1320 926 1383 crimine
946 1320 1090 1398 incendii,
1128 1344 1201 1384 uam
1215 1321 1289 1385 odio

236 1404 365 1467 humani
427 1405 516 1481 neris,
532 1406 662 1470 convicti
681 1416 762 1469 sunt.
807 1404 853 1467 Et
872 1404 1075 1490 pereuntibus
1129 1404 1290 1468 ditaludi-

238 1488 314 1566 brie,
328 1502 365 1552 ut
392 1512 514 1553 ererum
528 1491 622 1576 tergis
636 1489 778 1565 contecti,
791 1488 908 1553 laniatu
922 1511 1034 1577 canum
1049 1489 1218 1570 interirent,
1232 1501 1288 1553 aut

232 1676 291 1723 ¹que
314 1660 364 1708 locs
386 1660 507 1724 diligenter
531 1662 621 1725 collegit
637 1660 748 1711 chimen-
780 1680 817 1707 τω
833 1659 937 1714 Ἰουδαῖος.
959 1662 1012 1721 Ait,
1026 1665 1064 1707 τοῦ
1077 1659 1227 1719 βεβαμμένου
1245 1660 1287 1723 qui

238 1724 306 1769 tellus
322 1724 351 1771 de
370 1725 455 1772 honore
472 1726 544 1773 bisell.
561 1741 581 1773 c.
599 1726 639 1774 31.
677 1726 748 1774 Adde
779 1739 834 1786 ergo
849 1723 915 1771 tincti
936 1734 959 1773 et
976 1724 1095 1788 baptisati,
1114 1732 1197 1787 praeter
1219 1722 1288 1772 Chri.

238 1786 313 1848 Rycls.
330 1788 394 1835 adh.
411 1789 431 1834 l.
465 1791 608 1836 Settisterniu
617 1788 686 1837 etism
694 1804 747 1851 pro·
779 1788 885 1835 stianos?
905 1788 1028 1836 Suetonius
1038 1787 1121 1837 cisun
1133 1789 1288 1843 mentm,

237 1851 406 1899 batoraemd
422 1852 470 1900 Cio
482 1852 541 1901 lior.
559 1853 670 1908 R.c.27.
710 1856 746 1900 At
779 1853 904 1912 impulsore
916 1854 1021 1910 Chresto,
1037 1853 1130 1908 mridue
1142 1852 1288 1899 tumuissen-

238 1912 362 1975 vignolius
377 1916 394 1962 l.
410 1931 429 1963 c.
447 1933 469 1979 p.
487 1917 540 1964 151.
556 1926 681 1979 utrumque
696 1932 747 1965 ver·
777 1924 819 1969 tes,
837 1917 913 1962 Romu
932 1917 1029 1977 reputit
1062 1915 1137 1963 hies.
1170 1914 1231 1963 Mox
1247 1917 1289 1977 qni

238 1978 295 2024 bum
316 1978 394 2027 locum
414 1978 497 2028 hebere
520 1988 606 2043 putate
630 1979 693 2045 quod
708 1996 746 2043 sp.
779 1988 832 2027 ente
853 1980 944 2026 Tiberio
959 1995 1013 2028 cum
1029 1980 1054 2026 J.
1073 1979 1190 2027 Gronovio
1204 1978 1286 2037 delevi,

237 2040 332 2089 Livium
356 2047 379 2097 5,
411 2045 445 2091 13.
467 2045 519 2091 tecti
547 2047 617 2092 strati
638 2044 747 2092 dicuntur
779 2041 835 2105 quis
850 2057 892 2090 nec
910 2043 934 2090 in
950 2044 986 2091 ed.
1002 2059 1039 2107 pr.
1056 2050 1102 2091 ests
1120 2042 1184 2106 quod
1200 2043 1289 2105 possim

239 2105 355 2165 Apollini,
382 2108 488 2166 term,
516 2106 618 2166 Diunoe,
638 2109 747 2161 Herculi,
777 2106 859 2153 Tacito
881 2105 995 2166 sdditum,
1017 2116 1044 2154 ut
1070 2122 1140 2169 suprs
1158 2122 1178 2153 c.
1201 2111 1225 2165 4,
1250 2108 1289 2154 19.

240 2170 374 2228 aremare,
385 2172 506 2232 Neptuno.
528 2171 588 2219 Add
596 2172 683 2231 rulo.
703 2170 748 2219 Ce-
777 2169 850 2216 Etru.
882 2169 1082 2218 assensuros.
1113 2168 1288 2220 Sedunum·

240 2242 314 2279 terum
324 2247 404 2281 omues
420 2234 473 2282 cdd.
488 2243 542 2282 ente
552 2234 670 2299 Ryclrium
685 2236 749 2281 teeti·
777 2234 822 2280 bct.
854 2232 894 2281 De
908 2234 1003 2281 nomine
1015 2235 1127 2282 Circeius
1143 2248 1165 2280 v.
1176 2233 1243 2281 Isset
1254 2234 1286 2285 D.

237 2298 335 2342 sternia.
368 2296 440 2345 Euri.
475 2298 576 2347 Sicetc.
586 2301 645 2361 Agr.
678 2296 749 2346 ltset
777 2297 836 2344 Inst.
849 2299 871 2355 l,
886 2298 944 2355 e‚7.

239 2358 302 2407 Bud.
317 2359 342 2406 in
352 2374 426 2423 marg.
809 2361 925 2408 Pontium
936 2361 1057 2425 Pilatum]
1075 2358 1125 2419 Qut
1138 2370 1217 2409 sentus
1229 2360 1287 2410 Pro-

271 2424 318 2469 Scd
328 2436 374 2471 non
385 2438 425 2487 ope
439 2426 555 2491 numano]
589 2426 647 2476 linc
662 2434 685 2474 et
696 2442 748 2536 pue
776 2432 867 2472 curator
887 2423 986 2484 Juduae,
1003 2440 1057 2472 cum
1076 2432 1188 2488 potestate
1204 2425 1287 2474 Prusi-

239 2495 368 2549 sequuntur
388 2491 539 2552 nsusscripsit
564 2491 648 2538 iterum
669 2491 702 2539 Su
712 2490 748 2553 pi·
776 2487 820 2547 dis,
837 2488 890 2536 tuis
922 2488 985 2537 Vide
999 2489 1131 2552 Josephum
1149 2489 1228 2554 Antiq.
1247 2491 1287 2549 le,

238 2549 288 2598 cius
303 2551 354 2596 l.2.
389 2553 474 2614 Neque
485 2556 533 2600 utta
548 2569 574 2601 rc
588 2556 658 2602 Nero
667 2556 748 2615 efficic-
776 2553 799 2599 3.
816 2552 892 2600 Miror
907 2561 994 2610 snum,
1011 2569 1053 2601 cnr
1071 2555 1149 2613 syrte
1167 2555 1288 2600 Procura-

239 2615 283 2669 iut,
295 2617 352 2674 quin
363 2617 391 2661 nt
400 2620 525 2678 eoJ'ussum
536 2620 668 2664 incendium
673 2624 747 2678 puta·
777 2621 859 2674 iurent,
874 2615 943 2662 nimis
953 2615 1045 2673 diffuse,
1059 2616 1217 2663 Tertullianus
1227 2615 1289 2665 diost

238 2684 312 2724 retur.
346 2680 430 2740 Igitur
437 2683 509 2728 vertit
519 2683 634 2728 inuidiam
641 2683 667 2727 in
677 2682 764 2736 cnut„
777 2678 801 2725 in
820 2679 893 2741 Apol
909 2681 948 2726 21.
989 2682 1078 2727 Pontio
1095 2681 1177 2727 Pilato
1192 2681 1288 2740 Suriam

238 2744 445 2802 stiunos,ectoequc
459 2746 485 2790 in
498 2745 748 2793 innoxioserndclissi-
777 2748 834 2788 tunc
864 2757 893 2789 eu
916 2750 987 2804 purte
1008 2745 1116 2791 Itonsona
1139 2747 1288 2806 procuranti.

239 2821 283 2851 oue
292 2808 441 2866 questiones:
453 2811 610 2868 quinetnouoe
618 2816 749 2855 morteten-
778 2806 854 2853 lars.

239 2871 352 2928 cogitatu.
366 2871 507 2930 utfirarum
518 2875 592 2933 tergis
603 2873 698 2919 contecti
715 2871 749 2918 Ia-
810 2871 877 2916 Esit.
885 2869 1031 2934 superstitio]
1044 2871 1141 2919 cunct
1152 2871 1218 2925 tur.
1226 2871 1288 2919 Plin.

240 2935 306 2979 rriutn
322 2947 406 2978 canum
421 2935 552 2982 interirent.
584 2935 662 2982 Multi
673 2937 750 2981 cruci·
778 2947 814 2995 ep.
827 2934 866 2991 lo,
876 2934 915 2987 97.

238 2999 280 3042 liu
294 2999 367 3056 affici,
384 3003 426 3043 aut
435 2999 539 3060 flamma
553 3001 608 3045 usti.
642 2997 750 3058 Plerique
811 2998 909 3060 Primo]
927 2996 990 3044 Flor.
1008 2997 1229 3059 etBud.prtmum.

240 3063 266 3106 in
277 3061 303 3106 u
319 3062 439 3118 reseruati,
456 3069 491 3119 ut,
503 3077 556 3109 curn
566 3063 681 3123 defecisset
692 3063 748 3121 dics,
814 3061 982 3107 otiosumne
995 3060 1100 3126 generis]
1126 3062 1241 3110 Fucinum
1256 3063 1290 3111 le-

239 3127 266 3171 in
284 3139 352 3169 usum
370 3127 478 3171 nocturni
500 3127 598 3172 luminis
616 3132 750 3172 urerentur.
778 3123 922 3185 ginesium
936 3125 1096 3184 Odiogeneris
1107 3128 1214 3174 maeuii.
1242 3128 1289 3175 Sed

240 3189 315 3238 lans.
779 3201 827 3233 non
837 3201 865 3234 es
874 3201 940 3234 mens
951 3181 1041 3235 Taciti:
1059 3199 1093 3236 est
1103 3189 1161 3250 ipss,
1172 3206 1244 3253 quem
1255 3192 1289 3239 ll.

281 3251 469 3314 Quoesitissirnis]
511 3251 571 3304 Bud.
594 3254 749 3314 exquisitissi-
781 3255 804 3307 5,
817 3254 839 3297 5.
851 3250 960 3312 expressit
971 3251 1000 3299 de
1015 3252 1121 3300 Judaeist
1140 3254 1214 3314 Apud
1230 3257 1290 3316 iosos

241 3317 293 3360 nris.
773 3315 835 3375 fidet
851 3316 972 3373 obstinata,
989 3318 1149 3362 misericordia
1165 3319 1191 3363 in
1208 3334 1291 3380 prom·

276 3378 367 3435 Vutgrn
380 3377 674 3444 Christianosuppettibut]
697 3381 752 3429 Sive
776 3384 832 3439 piu,
848 3380 889 3424 sed
903 3380 1014 3425 aduersus
1034 3395 1111 3426 emices
1132 3382 1190 3427 aiios
1210 3383 1292 3429 hostile

242 3442 398 3493 Chrestianus,
413 3449 440 3486 ut
454 3443 561 3505 scripsere
579 3459 620 3506 per
636 3442 750 3492 inscitiam
781 3441 867 3488 odium.
901 3441 935 3489 lit
951 3444 1068 3490 Arnohius
1081 3442 1136 3491 dicit
1152 3444 1168 3492 l.
1185 3445 1205 3490 l.
1223 3445 1291 3493 Chri·

240 3505 292 3552 ilii:
321 3501 385 3566 quod
402 3517 486 3552 nomen
502 3515 578 3552 ortum
595 3506 690 3556 demum
709 3510 750 3557 ob·
780 3502 860 3552 titionis
876 3504 920 3552 1¹⁰⁰
936 3507 1069 3565 objectum
1086 3507 1142 3569 quia
1157 3507 1241 3556 scillcet
1255 3510 1291 3557 di·

240 3584 305 3614 servo
323 3566 421 3626 imperio
437 3568 529 3616 Claudii
545 3581 654 3618 extremo.
696 3572 749 3620 Sui.
781 3568 934 3616 vmssomnie
949 3569 1087 3617 inmoribus
1099 3579 1122 3616 et
1135 3571 1212 3630 meris,
1223 3571 1293 3622 item·

239 3632 295 3678 das:
313 3631 362 3674 'nul
383 3630 487 3677 Κλαυδίου
506 3635 616 3686 Βασιλίως
630 3634 749 3694 Ῥωμαίων,
781 3647 827 3694 que
849 3640 968 3695 oontagem
990 3641 1013 3679 et
1033 3649 1180 3695 congressum
1202 3652 1291 3696 eorum,

240 3697 321 3760 Hirpos
339 3694 377 3737 τοῦ
395 3691 531 3742 'Anourinou
558 3703 751 3760 χειροτονήσαντος
781 3695 871 3742 chestre
888 3704 912 3742 et
932 3697 1011 3754 circos,
1032 3697 1160 3758 fugiebant.
1216 3699 1290 3747 lim.

225 3757 320 3814 ,Eritium
335 3756 353 3801 ir
371 3757 499 3819 Ἀντιοχείᾳ,
515 3760 714 3817 μετωνομάσθησαι
732 3765 753 3806 oi
783 3760 891 3807 Cottvicti
907 3760 984 3822 scripti
999 3760 1036 3822 (in
1053 3760 1090 3808 hie
1106 3761 1182 3824 Bud.)
1199 3773 1222 3812 et
1239 3765 1291 3812 edd.

239 3822 311 3866 otho
323 3818 558 3884 λιγέμινοιΝαζσςαῖοι
575 3822 611 3867 καὶ
627 3826 750 3882 Γαλιλαῖοι,
778 3820 834 3870 tutte
854 3822 881 3868 J.
906 3823 977 3870 Gron.
1005 3838 1095 3879 omncs,
1139 3836 1204 3874 rerer
1227 3828 1291 3876 Flos.

239 3882 370 3942 Χριστιαννί.
406 3881 485 3930 Sedet
500 3885 580 3932 Judaei
590 3885 699 3948 appellati
709 3901 750 3934 sn-
783 3885 844 3934 unde
864 3886 902 3934 hic
918 3887 953 3948 (et
974 3887 1087 3948 Pichene)
1108 3841 1180 3937 edidit
1195 3895 1291 3954 conjun-

239 3955 283 4004 tes,
312 3942 375 4008 quod
402 3945 491 3994 ime*
515 3949 619 4010 negitent
647 3949 749 4012 quidem.
780 3952 830 4005 ctis
847 3950 910 4012 quod
926 3950 966 3998 ille
982 3953 1017 4008 (et
1031 3951 1106 4010 Picb.)
1122 3953 1291 4017 interpretetur,

237 4012 327 4072 Aperte
335 4007 450 4058 &danus
461 4017 484 4069 2,
494 4013 517 4059 9.
546 4013 613 4060 ὀτάν
622 4031 670 4058 τινα
679 4013 750 4071 inep-
779 4012 886 4074 wniessis
907 4014 1009 4075 adjuncti
1030 4026 1098 4063 sunt:
1116 4015 1156 4064 sed
1176 4017 1202 4064 id
1222 4021 1292 4068 verbe

241 4071 381 4137 esvsptgosrs
398 4071 483 4132 ἴδωμεν,
499 4076 604 4134 ιίὠθαμυ
615 4075 750 4133 itiusmodi
781 4079 806 4122 in
817 4079 924 4135 maine,
935 4077 1018 4125 deinde
1027 4080 1079 4126 odio
1092 4095 1119 4141 g.
1131 4081 1153 4125 it.
1170 4095 1216 4127 non
1232 4083 1293 4144 pati.

241 4134 301 4180 iuro
312 4135 419 4194 Ἰουδαῖος,
433 4136 482 4182 ἀλλ’
490 4138 632 4198 ὑποκρίνεται.
651 4138 722 4185 ‘Oeen
732 4140 750 4185 δ’
780 4148 859 4199 untur,
874 4156 917 4189 noc
932 4156 1010 4190 tarsus
1026 4143 1080 4191 inde
1094 4144 1227 4191 commodus
1242 4147 1293 4193 erui

242 4197 338 4270 uiantes,
349 4201 374 4246 rb
387 4199 466 4254 πάθος,
477 4202 503 4247 si
519 4205 556 4245 τοῦ
567 4200 703 4260 βιὲαμμίνου
715 4202 751 4248 καὶ
779 4211 862 4265 potest.
902 4205 951 4253 Cic.
967 4221 1009 4270 pto
1024 4206 1095 4254 sulla*
1108 4221 1128 4252 c·
1146 4208 1186 4254 30.
1203 4211 1290 4268 quaein

238 4261 349 4320 ,η’ριμίιου,
359 4263 410 4310 ein
422 4263 457 4308 nel
467 4263 514 4312 teu
526 4266 561 4320 τῷ
573 4265 615 4311 ἕντι
628 4264 663 4311 sal
676 4267 752 4311 καλεῖ.
779 4270 901 4330 quisquam
916 4277 950 4327 cst
965 4273 991 4316 in
1006 4271 1139 4319 inscelere
1156 4274 1289 4326 motetus.-
