3042 4950
185 237 217 275 Α.
232 236 259 276 c.
275 219 337 290 aa]
587 220 665 278 Lrn.
680 220 743 279 XV.
760 222 848 282 CAP.
868 226 917 280 51.
1192 216 1252 279 :toa

230 380 334 447 riculis
351 378 594 445 conflictabatur.
641 382 761 445 Natalis
777 384 931 468 particeps
944 381 985 445 ad
999 403 1090 444 omne
1105 393 1254 445 secretum

219 466 296 530 isoni
311 481 396 530 erat:
420 464 528 529 ceteris
542 486 611 550 spes
625 488 664 527 ex
681 466 769 529 novis
788 468 882 529 rebus
894 467 1070 551 petebatur.
1114 465 1255 529 Adscitae

194 565 277 630 sunt,
293 573 385 635 super
401 548 550 612 Subrium
566 562 597 612 et
611 548 794 635 Sulpicium,
809 550 848 613 de
861 551 978 634 quibus
991 549 1095 623 retuli,
1111 550 1256 613 militares

193 632 326 711 manuS,'
340 634 478 698 Granius
501 633 647 697 Silvanus
667 648 698 697 et
723 635 839 698 Statius
853 635 1036 711 *Proximus
1056 634 1193 698 Tribuni
1206 658 1257 697 eo-

193 719 330 783 hortium
348 718 576 805 praetou‘arum‚
598 720 760 782 Maximus
781 722 916 783 Scaurus
929 733 960 782 et
974 721 1111 782 Venetus
1125 718 1257 782 Paullus

195 804 408 867 Centuriones.
454 803 516 867 Sed
540 826 695 867 summum
715 804 812 867 robur
831 804 863 866 in
886 805 985 867 Fenio
999 804 1089 867 Rufo
1104 803 1258 865 Praefecto

195 888 371 966 videbatur,
392 911 497 974 quem,
519 890 583 951 vita
601 888 747 975 famaque
766 888 940 964 laudatum,
963 910 1019 973 per
1041 887 1189 951 saevitiam
1211 888 1260 950 in-

218 972 440 1057 udicitiamque
456 972 631 1059 Tigellinus
645 974 677 1035 in
692 974 796 1036 animo
811 972 965 1059 Principis
981 974 1126 1050 anteibat,
1149 972 1260 1057 fatiga-

195 996 314 1205 battpue
335 1056 610 1134 criminationibus
633 1081 669 1122 ac
684 1081 766 1145 saepe
779 1058 811 1121 in
827 1071 944 1121 metum
963 1057 1148 1133 adduxerat,
1170 1057 1260 1141 quasi

199 1151 255 1205 “a
280 1142 413 1205 ulterum
429 1142 623 1238 Agrippinae,
647 1157 678 1205 et
699 1142 851 1206 desiderio
870 1144 941 1229 ejus
954 1142 1064 1205 ultioni
1079 1142 1262 1206 intentum.'‘

142 1266 146 1275 ·
200 1227 315 1313 Igitur,
339 1225 393 1288 ubi
408 1248 464 1287 con
478 1225 585 1301 uratiS,
609 1226 797 1289 Proefectum
813 1249 940 1312 quoque
955 1226 1097 1289 Praetorii
1111 1226 1144 1287 in
1158 1237 1262 1311 partes

199 1310 402 1387 descendisse,
417 1248 526 1373 crebro
541 1308 637 1395 ipsius
652 1332 790 1373 sermone
800 1311 882 1373 facta
892 1311 986 1383 fides3
1011 1311 1185 1407 promptius
1195 1311 1262 1395 jam

201 1396 241 1459 de
263 1408 402 1481 tempore
421 1417 456 1457 ac
475 1392 542 1457 loco
556 1394 649 1458 caedis
663 1396 833 1480 agitabant.
879 1397 926 1459 Et
946 1394 1091 1479 “cepisse
1104 1395 1263 1479 rnpetum''

204 1479 335 1545 Subrius
350 1478 477 1542 Flavius
491 1480 658 1557 ferebatur,
681 1481 746 1543 “in
764 1502 853 1544 scena
866 1493 1026 1543 canentem
1041 1480 1197 1541 Neronem
1211 1478 1265 1540 ad-

203 1564 381 1650 grediendi3
405 1577 460 1627 aut
474 1586 546 1627 cum
560 1565 687 1628 ardente
701 1565 794 1629 domo
808 1588 864 1651 per
883 1560 1003 1628 nocthn
1023 1564 1085 1626 buc
1107 1562 1180 1627 illuc
1194 1584 1266 1627 cur-

202 1663 283 1714 saret
292 1648 528 1713 incustoditus.’'
561 1649 625 1712 Hic
639 1650 757 1713 occasio
773 1650 966 1722 solitudinis;
983 1648 1027 1711 ibi
1041 1648 1109 1733 ipsa
1120 1648 1150 1711 fr
1190 1668 1266 1709 uen-

203 1735 256 1811 tia,
280 1733 358 1798 tanti
379 1732 497 1797 decoris
519 1734 613 1811 testis,
637 1733 880 1819 pulcherrimum
901 1734 1038 1798 animum
1052 1672 1266 1796 exstimeilave.

205 1832 292 1893 rant;
316 1818 374 1880 nisi
388 1814 570 1905 inpunitatis
584 1819 700 1905 cupido
711 1819 896 1899 retinuisset,
908 1818 1029 1905 magnis
1043 1841 1163 1904 semper
1177 1839 1268 1881 cona-

209 1905 292 1968 tibus
305 1903 442 1966 adversa.

250 1989 306 2052 LI.
323 1988 451 2051 Interim
463 1989 680 2053 cunctantibus
690 1988 902 2075 prolatantibu
941 2010 980 2050 ue
991 2010 1077 2086 spem
1088 2011 1124 2052 ac
1138 2001 1268 2066 metum,

210 2072 374 2173 Epicharis
388 2073 544 2157 quaedam,
555 2068 707 2137 ibcertum
718 2096 853 2160 quonam
870 2010 964 2135 mido
977 2074 1138 2150 suscitata,
1155 2080 1270 2158 (neque

209 2158 254 2223 illi
279 2170 351 2223 ante
376 2158 440 2223 ulla
464 2180 567 2222 rerum
591 2160 790 2223 honestarum
812 2181 889 2222 cura
913 2158 1029 2236 fuerat)
1052 2158 1218 2221 accendere
1239 2167 1271 2219 et

209 2264 339 2331 arguere
360 2244 536 2329 conjuratos
548 2268 556 2317 ;
581 2266 616 2307 ac
630 2259 786 2330 postremo
799 2241 991 2307 lentitudinis
1006 2264 1115 2307 eorum
1129 2253 1273 2328 pertaesa,

210 2340 241 2391 et
262 2328 294 2390 in
318 2328 490 2413 Campania
510 2352 615 2415 agens,
635 2330 784 2417 primores
803 2327 1026 2393 classiariorum
1047 2327 1272 2391 Misenensium

211 2413 390 2491 labefacere,
406 2428 437 2479 et
450 2414 634 2480 conscientia
647 2414 777 2502 inligare
790 2413 923 2479 connixa
936 2424 983 2476 est
996 2412 1051 2476 tali
1065 2412 1163 2478 initio.
1193 2416 1273 2477 Erat

244 2566 321 2626 Super
332 2565 458 2628 Subrium]
474 2565 538 2612 Libri
550 2566 605 2624 mei,
619 2581 665 2626 per
677 2568 724 2613 Su·
764 2565 833 2612 acia
848 2565 942 2611 ardmte
952 2565 1080 2626 exponebat
1090 2563 1173 2611 crebris
1180 2560 1277 2609 lumina

215 2631 299 2676 briam.
333 2628 408 2675 Iru‘s.
662 2647 664 2654 ¹
693 2685 696 2689 ¹
763 2627 1047 2678 busanabusinluari.
1069 2627 1126 2691 Bip.
1136 2627 1211 2690 placet
1221 2632 1276 2672 oon·

248 2691 353 2740 Granius
368 2693 488 2755 unvanus]
507 2691 571 2740 Bud.
592 2695 666 2742 Gaias
682 2695 722 2742 st.
762 2694 851 2753 jactura
861 2692 932 2738 oron.
943 2706 1014 2754 quam
1025 2692 1147 2739 mendant
1157 2692 1206 2738 ita:
1221 2705 1276 2736 cam

148 2756 149 2765 ’
216 2759 290 2805 baur.
765 2758 859 2803 madore
876 2757 951 2812 amno,
971 2755 1003 2802 sic
1020 2771 1062 2818 pro
1077 2755 1213 2817 indignitate
1229 2752 1277 2801 scil.

229 2821 372 2871 -Maamus
400 2819 517 2880 Scaurus]
544 2820 669 2882 Spanhem.
697 2820 726 2868 de
765 2820 848 2867 collato
860 2819 899 2876 13,
911 2819 949 2864 25.
962 2819 1025 2864 Cum
1033 2818 1146 2877 incendio,
1155 2820 1221 2879 quus
1229 2817 1278 2881 ipse

188 2903 194 2910 ·
217 2886 260 2933 Us.
279 2894 302 2932 et
319 2884 358 2931 Pr.
378 2885 451 2931 Num.
471 2886 524 2932 tn.
538 2900 562 2946 p.
579 2886 618 2934 37.
634 2884 727 2946 corrigit
767 2885 832 2931 Nero
841 2882 976 2943 exemplum
986 2881 1087 2941 dederat,
1101 2886 1161 2932 bene
1171 2881 1278 2930 convenit

218 2951 364 3002 Mamaeae-r,
382 2947 445 3011 quod
459 2945 568 3010 nuspiam
581 2947 672 2996 Securis
684 2948 727 2995 hoc
766 2941 874 2994 ista'buc
893 2947 950 2992 illac
971 2949 1100 2994 cantante.
1133 2947 1168 2995 At
1193 2947 1276 2994 Heius.

218 3011 361 3075 cognominis
380 3011 501 3058 bibuntur.
537 3011 575 3058 De
593 3011 728 3074 antiquiori·
767 3011 837 3058 dabat
850 3016 967 3056 mactate
981 3011 1055 3066 darno,
1071 3011 1087 3056 i.
1102 3028 1121 3059 c.
1134 3010 1223 3060 familia
1236 3025 1280 3056 no-

219 3079 264 3124 bus
279 3074 420 3137 temporibus
434 3075 541 3128 concedo.
573 3075 655 3123 Athis
670 3083 728 3122 tem-
767 3075 854 3122 charnis
864 3073 1066 3121 comessationibus
1077 3076 1184 3122 marcida.

220 3139 313 3202 poribus
329 3139 465 3200 cognomina
480 3138 649 3202 multiplicem
667 3139 729 3187 unde
801 3139 868 3200 Spem
882 3152 910 3183 ac
926 3138 1025 3200 anatim]
1046 3139 1098 3186 Nec
1113 3139 1182 3197 male,
1199 3153 1239 3200 ape
1252 3152 1280 3184 ac

221 3202 279 3250 nihil
293 3202 348 3250 certi
358 3203 407 3250 sine
416 3202 481 3250 libris
491 3202 613 3265 diciposse
626 3203 728 3251 arbitror.
769 3209 839 3250 meta.
874 3201 948 3247 lars.
983 3202 1070 3249 Probat
1080 3203 1209 3261 Acidaliae,
1227 3217 1281 3249 con-

221 3268 292 3314 narr.
768 3266 850 3326 jiciens
870 3266 940 3312 etiam
966 3281 1030 3326 rpem
1054 3268 1117 3314 inter
1137 3282 1165 3312 ae
1186 3274 1281 3313 mnam.

254 3330 306 3378 Aat
323 3345 376 3376 cam
393 3331 486 3377 ardente
503 3331 569 3377 domo
581 3345 628 3390 per
642 3335 730 3376 nomem
771 3330 900 3390 Vulgarum
911 3329 1046 3391 interpretor
1056 3338 1164 3378 conatum
1175 3345 1229 3378 cum
1241 3345 1283 3392 spe

222 3396 268 3442 hac
282 3396 338 3441 illae
351 3393 465 3458 earrmet]
483 3394 655 3454 Conjiciebam·:
678 3407 731 3439 cam
770 3402 869 3441 acmetu
882 3391 1037 3450 conjunctum.
1072 3394 1127 3442 Vid.
1140 3394 1170 3442 ad
1185 3399 1222 3454 14,
1238 3393 1278 3440 63.

218 3460 427 3520 ἠιαᾱεπευίπορεν
434 3465 528 3504 amiam.
551 3457 641 3506 Giton.
666 3457 731 3504 Mul·
771 3471 840 3519 supra
856 3473 875 3504 c.
888 3459 927 3503 42.
942 3473 992 3520 sper
1009 3460 1084 3506 inrito
1098 3474 1141 3522 pro
1154 3457 1282 3506 conatuin-

223 3521 373 3576 lernsmalit,v
386 3523 578 3596 carcaiadomo,
596 3538 648 3584 quae
659 3521 732 3568 scita
771 3521 822 3568 rito.
857 3521 929 3568 Ean.

223 3585 436 3698 bilbili?
453 3585 732 3712 brabantii
771 3586 1167 3714 ..tffltttrttttltt
1178 3594 1294 3711 trid:

202 3731 206 3736 ·
264 3713 394 3771 nitunbae
405 3715 469 3771 illice,
486 3712 548 3777 quod
559 3713 733 3776 adibusaptius
772 3714 840 3760 done.
859 3715 1284 3776 SpemeVertrauiiraeeitata.L1rs.

225 3777 323 3833 viam,
344 3791 415 3840 quam
433 3777 492 3824 urbi.
526 3776 565 3824 Sic
586 3777 695 3838 placebat·
711 3785 734 3824 et
773 3779 834 3825 Mox
845 3781 1109 3839 accendercetargacra
1119 3791 1154 3828 est
1164 3778 1285 3828 accendere

225 3840 327 3897 Murato,
349 3855 396 3888 non
420 3842 530 3904 probante
556 3840 668 3898 Broterio,
693 3840 734 3904 qui
773 3842 899 3904 arguendo,
916 3844 980 3890 velut
995 3843 1090 3905 ignom
1106 3859 1193 3892 essem
1207 3841 1284 3890 tardos

225 3919 278 3952 cum
295 3903 384 3952 Huatio
400 3903 429 3951 de
443 3904 535 3952 incensa
548 3905 617 3952 domo
634 3905 734 3952 Neronis
774 3914 816 3954 etc.
850 3906 906 3953 Post
916 3907 1040 3968 labefacere
1056 3916 1090 3956 est
1104 3905 1285 3956 avertereafida

224 3968 322 4030 accipit·
337 3968 383 4016 Sed
391 3968 520 4030 conjuratos
531 3969 628 4016 voluisse
638 3969 734 4016 domum
774 3970 798 4016 in
811 3970 936 4018 Neronem.
969 3971 1040 4018 Eas.

226 4032 326 4079 Neronis
342 4031 527 4090 incendereris
544 4032 642 4080 credam.
664 4033 735 4080 Ean.
807 4035 1032 4082 armaturarum
1063 4037 1101 4084 Ita
1111 4035 1172 4084 libri.
1205 4034 1286 4096 Vulgo

227 4095 281 4142 Non
297 4094 372 4154 video,
390 4111 430 4143 cnr
447 4110 501 4153 non,
520 4095 561 4159 qui
579 4097 656 4145 tollere
670 4111 737 4144 mon·
775 4100 914 4145 navarchus.
938 4098 1036 4147 BeneG
1054 4100 1077 4112 ''
1092 4101 1167 4157 rebus,
1176 4097 1285 4162 proTri-

227 4168 300 4206 strum
324 4159 425 4207 hominis
447 4161 567 4223 parabant,
593 4160 663 4208 domo
687 4161 737 4221 ejus
775 4161 1116 4212 bunoraimtcthntnriobes
1126 4163 1222 4226 reperies
1232 4163 1286 4225 plus

228 4222 306 4284 ignem
327 4221 419 4284 injicere
441 4231 572 4272 minuent.
612 4225 650 4272 Sic
672 4238 738 4272 vanae
777 4227 848 4274 semel
869 4227 893 4273 in
915 4227 992 4275 classe.
1031 4227 1105 4276 Iura.
1142 4228 1287 4274 Navarchar

227 4285 736 4347 suntdoetorumconjecturae,etsanuslocua
777 4290 846 4338 etiam
866 4289 939 4339 MSS.
958 4291 1044 4353 (Buri.)
1064 4293 1142 4340 Guelf.
1160 4290 1246 4351 etalii,
1264 4298 1288 4336 at
1326 4310 1329 4318 ·
