3042 4950
229 267 296 309 Α...
315 255 381 326 aa]
611 255 688 312 ain.
702 255 772 312 xn.
794 254 884 311 cnr.
905 258 953 312 aa
1239 251 1291 308 aa

230 413 442 478 incendebant.
487 417 572 476 Tum
594 415 746 491 Ostorius,
764 414 1000 500 circumspectis,
1022 437 1094 498 quae
1113 415 1286 500 inpenetra-

230 497 314 574 bilia,
337 521 470 596 quaeque
489 499 604 584 pervia,
624 498 712 562 ducit
736 498 881 576 infensos,
899 519 1084 583 amnemque
1103 499 1187 562 haud
1206 497 1285 562 diffi-

230 581 329 645 culter
341 582 453 648 evadtt.
497 583 562 648 Ubi
576 597 704 648 ventum
718 584 757 647 ad
778 606 934 669 aggerem,
947 581 1024 645 dum
1043 582 1207 647 missilibus
1221 606 1286 646 cer-

230 666 364 744 tabatur,
378 665 450 752 plus
461 667 624 732 vulnerum
638 668 670 730 in
685 691 751 748 nos,
766 682 797 732 et
810 667 967 754 pleneque
980 666 1079 748 caedes
1097 666 1283 731 oriebantur.

230 750 445 899 Posteaguam,
460 753 542 817 facta
555 753 719 831 testudine,
728 753 821 817 rudes
834 764 866 816 et
880 752 1025 815 informes
1042 773 1187 815 saxorum
1202 774 1283 814 oom-

361 849 504 916 1stractoe,
524 860 642 924 parque
660 837 800 902 cominus
817 836 918 910 acies;
942 835 1089 900 decedere
1108 835 1231 898 barbari
1249 837 1281 899 in

223 921 303 1004 juga
317 921 478 986 montium.
524 923 587 986 Sed
606 946 643 986 eo
663 945 789 1008 quoque
805 922 950 1006 inrupere
970 920 1153 984 ferentarius
1166 920 1282 1005 gravis-

227 1026 289 1089 que
307 1006 411 1084 miles3
434 1007 477 1070 illi
496 1006 563 1071 telis
581 1007 780 1083 adsultantes,
795 1005 827 1068 bi
844 1019 983 1069 oonserto
998 1005 1119 1091 gradu:
1150 1005 1281 1069 turbatis

226 1099 334 1154 contra
356 1092 576 1156 Britannorum
596 1091 767 1169 ordinibus,
791 1114 811 1154 a
834 1090 877 1153 ud
902 1113 981 1175 quos
1005 1089 1091 1153 nulla
1114 1089 1279 1165 loricarum

226 1173 423 1260 galearumve
446 1175 591 1260 tegmina,
614 1187 656 1253 et,
680 1175 705 1239 si
731 1113 933 1238 auxiliaribus
956 1175 1140 1248 resisterent,
1167 1174 1279 1260 gladiis

225 1281 261 1322 aa
275 1259 346 1344 pilis
359 1259 615 1344 legionariorum
641 1261 666 1323 si
684 1260 747 1324 huc
760 1272 925 1335 verterent,
935 1259 1053 1343 spathis
1070 1272 1101 1321 et
1115 1258 1210 1322 hastis
1224 1282 1279 1322 au-

225 1342 378 1408 xiliarium
396 1343 617 1408 sternebantur.
663 1343 756 1408 Clara
774 1366 812 1408 aa
824 1342 951 1407 victoria
966 1342 1039 1420 fuit,
1050 1355 1202 1427 captaque
1221 1366 1278 1406 ux·

223 1449 277 1490 ore
290 1439 322 1491 et
335 1426 399 1490 filia
413 1427 582 1506 Caractaoi,
596 1429 707 1492 fratres
720 1449 846 1527 quoque
859 1427 891 1491 in
906 1426 1094 1490 deditionem
1107 1427 1232 1512 aooepti.
1260 1485 1265 1490 .

268 1512 434 1576 XXXVI.
457 1514 530 1598 Ipse
549 1514 601 1594 (ut
613 1513 710 1576 ferme
727 1527 830 1577 rntuta
845 1526 918 1576 sunt
936 1511 1079 1596 adversa)
1098 1534 1170 1575 cum
1183 1511 1277 1575 fidem

224 1597 481 1675 Cartismanduae,
511 1597 640 1682 Reginae
673 1597 869 1683 Brigantum,
897 1595 1064 1682 petivisset,
1092 1596 1213 1660 vinetus
1239 1619 1275 1660 ac
1342 1631 1347 1643 ·

223 1680 391 1745 victoribus
408 1681 541 1746 traditus
558 1695 614 1760 est,
637 1705 720 1746 nono
733 1694 804 1768 post
816 1703 908 1758 anno,
922 1703 1016 1766 quam
1031 1679 1145 1744 bellum
1160 1680 1193 1744 in
1208 1681 1277 1744 nrt

223 1764 328 1828 tannia
341 1779 487 1852 coeptum.
532 1766 626 1830 Unde
642 1767 725 1830 fama
738 1767 806 1852 ejus
826 1779 932 1829 evecta
944 1764 1060 1829 insulas
1074 1776 1105 1828 et
1119 1766 1275 1850 proximas

148 1909 157 1918 ,
222 1849 394 1935 provincias
405 1865 582 1936 pervagata,
597 1873 652 1937 per
667 1851 789 1916 ltaliam
804 1872 930 1938 quoque
952 1849 1183 1916 celebrabatur:
1205 1873 1277 1915 ave-

222 2048 262 2082 nes
278 2036 430 2092 intendebant,
453 2043 479 2084 ut
495 2035 584 2084 volebat
606 2035 637 2083 N.
655 2037 730 2085 Hein-
761 2036 1015 2098 gerius2,15.111ra
1044 2036 1135 2084 Mirum
1146 2044 1180 2084 est
1192 2038 1274 2084 barba·
1340 2050 1344 2059 ·

222 2097 277 2156 sias,
289 2107 355 2146 otest
372 2099 395 2144 in
407 2099 460 2148 MS
478 2099 501 2146 it
530 2114 590 2160 .ap.
604 2099 730 2162 Ryclrium‚
760 2114 814 2146 rum
830 2099 904 2147 vorari
920 2102 1015 2147 verbum
1031 2101 1119 2160 spatha
1133 2098 1271 2161 aLupano,

222 2171 245 2208 et
262 2161 340 2210 Guelf.
360 2161 398 2224 (it.
408 2162 472 2210 Bud.
488 2178 503 2209 a
547 2163 592 2221 m.)
607 2165 731 2211 Intendere
761 2163 823 2225 qnod
834 2163 944 2210 Grannum
954 2173 977 2210 et
986 2163 1059 2226 ipsius
1069 2161 1195 2215 Menandri
1204 2173 1238 2211 est
1248 2164 1272 2211 ia

221 2239 262 2286 pro
277 2240 369 2288 augere,
389 2241 448 2289 sape
468 2225 513 2274 diei
534 2226 597 2287 apud
617 2235 730 2286 nostrum,
763 2234 859 2285 Μισουμ.
876 2228 900 2274 2.
911 2227 983 2274 Gron.
1000 2227 1038 2276 Gi.
1049 2227 1135 2275 Pollux
1149 2229 1187 2285 10,
1198 2227 1239 2274 3l.

221 2288 280 2336 seiot
301 2288 465 2346 redamatio
485 2289 604 2338 commode
620 2290 731 2353 jirngatur
796 2291 997 2354 Certinnendnoe]
1020 2291 1066 2338 ud.
1082 2307 1117 2353 pr.
1136 2293 1272 2339 Cartiman·

222 2353 312 2412 ardori,
327 2352 415 2401 dubito.
446 2354 529 2417 Itaque
539 2355 686 2402 incendebant
696 2369 731 2402 se·
762 2353 900 2413 demvoaat,
916 2355 962 2402 nisi
994 2355 1039 2402 uod
1055 2355 1078 2401 b,
1089 2355 1106 2400 l.
1136 2356 1273 2402 Cartiman-

222 2423 367 2475 natussum,
387 2415 450 2481 quod
471 2417 538 2465 tacite
557 2425 671 2479 receptum
689 2426 731 2478 est,
763 2418 807 2464 dur
822 2418 940 2482 seriptum.
1035 2418 1125 2465 Puteal.
1141 2418 1193 2465 bl.
1211 2419 1272 2465 Car·-

222 2480 426 2529 neseioaneltls.
453 2481 483 2529 ln
494 2483 553 2545 Agr.
564 2481 613 2529 cod.
626 2483 732 2531 esserol-
764 2484 911 2529 timaudaom
928 2492 1001 2541 vorat,
1020 2490 1071 2545 post
1087 2497 1176 2545 semper
1190 2484 1272 2531 Certi·

220 2542 275 2605 ligo,
287 2544 342 2607 quia
352 2544 456 2607 Ryclrius
466 2544 525 2593 nihil
534 2545 630 2601 notavit,
642 2546 732 2594 cumdo
764 2547 881 2605 meam,
904 2555 927 2594 et
948 2546 980 2593 sie
1001 2560 1080 2593 omnes
1101 2554 1156 2593 vett.
1176 2546 1272 2594 variant.

220 2606 283 2669 regio
293 2616 402 2655 monae„
436 2608 469 2656 Et
479 2607 511 2657 sia
527 2617 651 2657 correctum
662 2617 696 2657 en
706 2610 746 2673 in,
763 2608 809 2656 Sed
821 2608 883 2656 Hisa
894 2610 920 2667 3,
931 2612 969 2657 tt
983 2618 1110 2657 amoenet
1125 2611 1272 2657 cantamu-

222 2670 363 2733 Gryphiana.
379 2672 450 2719 Ean.
749 2672 816 2727 ‘dea
840 2673 930 2720 Puteal.
948 2673 1142 2731 Canttmendna,
1158 2670 1223 2720 etsie
1236 2687 1272 2721 oe-

253 2736 367 2783 Decedere
384 2736 475 2783 barbari
490 2734 528 2800 in]
547 2735 668 2784 Acidaliae
681 2751 730 2786 ma·
762 2736 867 2783 terivett.
884 2736 956 2783 Ean.

167 2852 170 2857 .
220 2799 283 2846 lebat
293 2801 410 2847 recedere.-
426 2800 485 2847 alius
495 2816 532 2863 ap.
545 2799 662 2862 Ryckium
673 2814 730 2847 reee-
794 2799 1009 2861 Nortoportamw]
1021 2799 1192 2861 Atquibellnm
1203 2800 1271 2861 ooepit

220 2864 281 2910 dere.
305 2863 421 2911 Neutmm
434 2863 516 2927 planet.
541 2862 672 2925 vulgatum
689 2863 729 2911 de·
761 2861 973 2918 carnotanam,
990 2862 1130 2911 nviteina
1143 2861 1270 2910 secundum

219 2925 282 2973 feudi
295 2935 377 2989 potest,
393 2927 508 2975 intellectu
524 2928 609 2989 proello
623 2928 660 2975 vel
677 2942 729 2974 me·
762 2938 833 2974 cosa.
846 2935 872 2975 ut
882 2926 930 2974 Dio
940 2928 1000 2975 clare
1014 2924 1106 2975 tradidit
1116 2926 1157 2983 60,
1175 2926 1212 2972 lv.
1227 2940 1270 2975 nec

191 3016 195 3023 ·
218 2992 335 3038 nimentir.
368 2992 483 3038 Decedere
493 2993 576 3053 pratia
591 2990 645 3051 diei,
656 2990 729 3053 pluri-
759 2989 814 3037 inda
830 2991 860 3037 ad
873 2991 936 3038 hune
949 2990 1010 3039 diem
1026 2990 1079 3053 plus
1096 3004 1168 3037 annos
1182 2997 1270 3053 neptem

218 3055 263 3100 bun
283 3054 395 3116 exemplis
415 3054 480 3103 docet
499 3054 608 3102 Dukerun
629 3055 658 3101 ad
675 3054 727 3102 liv.
759 3054 922 3111 numeraveris,
933 3066 960 3102 ut
972 3054 1071 3118 suspirio
1082 3054 1269 3115 juranumeralie

218 3116 306 3175 anit.
334 3119 449 3165 Decedere
461 3120 582 3179 parma,
600 3120 668 3178 vetto,
682 3117 727 3165 diei
758 3116 837 3165 mendi
848 3119 883 3166 sit.
910 3117 1223 3181 Pugnantetiamhacnim
1232 3118 1269 3176 iis,

217 3195 292 3243 posse,
304 3195 373 3229 nemo
386 3180 483 3229 dubitat.
512 3181 728 3245 Doeedebantproe·
758 3196 812 3244 que
827 3182 861 3229 Η.
878 3182 927 3231 Le.
942 3183 1084 3230 scribuntur:
1107 3182 1269 3229 oannem„-

216 3244 283 3291 lioet
298 3244 455 3301 munimentis,
467 3253 493 3292 ut
507 3245 532 3291 in
546 3253 635 3293 montes
645 3246 726 3295 evade-
758 3246 814 3306 dae,
831 3246 915 3310 inquit,
934 3247 1091 3308 Brigantinus
1111 3246 1267 3305 imperitabat,

216 3316 275 3355 rent.
293 3309 364 3356 Ean.
380 3308 398 3353 1.
410 3322 429 3355 c.
445 3308 554 3356 Dukerus
565 3308 642 3370 potius
652 3309 726 3369 docet,
753 3311 844 3370 pellem
857 3312 989 3367 nobilitate,
1006 3316 1029 3356 et
1044 3313 1143 3355 areant
1154 3310 1267 3369 potante,

217 3372 322 3421 deeedm
339 3372 418 3435 prelio
429 3372 501 3419 rarius
516 3371 561 3421 dici
577 3386 648 3435 quam
661 3388 726 3421 ence-
753 3380 887 3435 portqaem,
904 3380 971 3435 oopto
983 3387 1029 3435 per
1045 3372 1124 3419 nerana
1137 3373 1202 3431 Rege
1220 3372 1267 3420 Co-

218 3438 279 3483 dere.
314 3479 316 3483 .
687 3446 690 3457 ’
756 3443 856 3496 rectem,
872 3439 1011 3485 instruxisse
1029 3437 1177 3497 triumphum
1195 3437 1266 3483 Clen-

250 3501 361 3563 Certserto
381 3500 472 3565 moda]
503 3498 606 3548 Freinsb.
634 3500 725 3549 volebat
755 3500 792 3546 dii
808 3502 909 3551 Coerara'r
931 3502 1057 3549 videbatur.
1096 3500 1161 3547 Nam
1184 3499 1267 3547 atum.

215 3570 342 3613 eernertoe
356 3566 379 3621 6,
393 3566 433 3613 35.
446 3563 684 3611 ubieonrertooolerr
701 3572 723 3611 et
754 3564 816 3626 plius
839 3563 932 3612 Claudii
950 3563 1038 3627 aliqum
1058 3562 1124 3611 annis
1150 3564 1264 3611 anterior:

215 3628 248 3677 sio
265 3636 299 3675 est
317 3628 342 3675 in
360 3628 432 3677 MSS.
447 3643 485 3691 ap.
506 3628 645 3675 Broterinm.
678 3628 724 3677 Sed
754 3643 797 3676 uae
806 3628 831 3675 in
841 3643 869 3675 eo
878 3628 954 3675 herde
967 3627 1050 3675 duania
1063 3628 1107 3676 iste
1121 3627 1265 3676 cananeus.

214 3693 315 3771 rouperto
322 3693 403 3767 grette
413 3691 471 3738 nihil
482 3699 523 3750 ent,
539 3706 610 3755 quam
622 3692 723 3753 conserto
753 3690 789 3766 Ut
807 3691 865 3739 nihil
880 3691 925 3740 dici
941 3691 1021 3767 possit,
1040 3692 1102 3802 guin
1113 3691 1224 3765 'lJaeitum
1240 3692 1266 3738 in

212 3755 736 3881 mirattttttttntntt:
753 3755 1265 3883 mrattnrvrv

213 3892 279 3932 rerto.
312 3882 610 3940 addemnatam.
645 3882 722 3931 Canai
754 3883 858 3946 Ryekius
878 3891 953 3946 putat,
976 3882 1071 3931 initium
1095 3882 1264 3945 supputationis

213 3963 304 4011 quoque
315 3948 345 3996 B.
355 3948 385 3995 G.
399 3947 420 4005 l,
428 3948 467 3994 24.
479 3948 722 4009 teneraetenerae.
751 3947 882 3995 donandum
897 3963 912 3995 a
927 3947 989 3995 bello
1003 3946 1118 4004 intestino,
1136 3946 1199 4008 quod
1215 3946 1264 3993 Ro-

212 4011 273 4059 Plin.
288 4014 326 4067 iu,
337 4012 359 4066 7.
371 4011 482 4073 conflate
492 4013 565 4069 teleta
577 4009 616 4058 sed
624 4010 653 4057 ad
662 4026 723 4071 gra·
751 4026 832 4059 manos
841 4010 865 4057 in
876 4011 1023 4059 Britanniam
1033 4010 1134 4058 traxerit
1153 4010 1225 4056 Enn.

211 4076 267 4123 dnm
278 4075 353 4138 aptius
363 4074 461 4139 quadrat
471 4088 593 4123 aereaere.
784 4076 925 4123 Provinciae
941 4075 1086 4137 persegne]
1114 4074 1170 4121 MS.
1185 4072 1264 4123 ouelt

247 4140 340 4200 Spathir
355 4146 378 4187 et
394 4140 469 4186 laertia
485 4136 652 4203 awannam]
670 4138 721 4187 Ob·
751 4140 856 4186 ciuium
866 4138 890 4186 in
902 4138 1022 4197 textu,sed
1029 4134 1263 4199 proninolarinmar-

213 4217 278 4249 serva
287 4202 374 4250 diversa
383 4217 447 4250 anna
464 4204 523 4251 inter
536 4202 670 4265 legionarios
681 4218 721 4251 au·
750 4203 811 4265 gine.
828 4202 888 4250 Mox
895 4202 956 4249 idem
966 4204 1105 4261 remeantque
1112 4201 1201 4245 onerer
1211 4199 1262 4246 vul·

213 4266 365 4328 xilinrosquoz
386 4266 431 4313 illis
449 4266 536 4328 gladios
555 4277 578 4313 et
598 4266 645 4329 pila
653 4283 661 4325 ;
685 4266 721 4314 bis
750 4275 918 4329 gatumverum
927 4263 1200 4326 maerensmaerens
1209 4263 1263 4312 satta

213 4329 307 4390 spathas
320 4339 342 4376 et
358 4330 433 4377 hastas
448 4331 533 4378 tribuit.
568 4330 666 4391 Spathas
680 4347 722 4378 au·
752 4330 845 4379 indioat.
862 4331 932 4378 Eun.

214 4402 270 4451 teni,
283 4395 373 4451 gladios
393 4398 487 4455 rrnrjorea
506 4396 664 4457 interpretatur
675 4394 721 4442 Ve-
