3042 4950
233 238 273 294 68
377 231 381 242 ’
645 233 876 294 ANNALIUM
928 231 931 236 ’
1126 239 1174 310 [a.
1189 253 1219 294 u.
1233 239 1302 296 803.

240 398 418 474 advenerat,
438 407 542 460 monet
563 395 779 476 Meherdaten,
804 405 824 435 “
844 398 1048 462 barbarorum
1070 398 1196 485 inpetus
1215 421 1302 462 acres

240 483 433 546 cunctatione
447 481 653 567 languescere,
669 495 724 544 aut
745 482 778 545 in
791 483 953 569 perfidiam
967 483 1101 547 mutari:
1125 483 1233 569 itaque
1248 505 1300 547 ur-

240 579 327 666 geret
347 566 492 652 coeptass',
521 565 614 643 Quod
637 579 776 652 spretum
797 568 908 632 fraude
922 568 1050 646 Acbari,
1098 568 1132 632 ui
1149 569 1299 654 juvenem

240 673 395 738 ignarum,
407 663 439 714 et
449 673 600 715 summam
615 651 773 714 fortunam
785 651 818 715 iu
828 652 908 716 luxu
916 667 1031 731 ratum,
1040 675 1094 716 mu
1108 669 1156 717 tos
1165 677 1221 739 per
1232 654 1299 717 dies

242 736 377 820 adtinuit
404 735 490 822 apud
516 735 667 821 oppidum
697 735 858 800 Edessam.
909 737 955 801 Et
979 751 1106 801 vocante
1131 739 1300 817 Carrhene,

175 816 186 831 ’
244 829 366 920 “prom
392 833 501 908 tesqua
514 822 586 884 res”
600 832 782 904 ostentante,
798 823 855 886 “si
868 823 922 887 citi
936 822 1160 901 advenissent,”
1174 845 1236 886 non
1250 848 1301 887 co-

242 929 344 971 mmus
407 905 636 992 esopotamiam,
657 906 711 969 sed
729 905 815 971 flexu
828 905 1011 972 Armeniam
1026 920 1150 994 petunt,
1169 908 1203 972 id
1224 921 1301 972 tem-

242 991 326 1078 poris
338 993 371 1054 in
414 1003 549 1068 rtunam,
564 990 639 1076 quia
652 990 750 1054 hiems
763 992 943 1079 occipiebat.
1183 1035 1189 1043 ·
1300 1034 1305 1040 ·

288 1077 365 1140 XII
388 1127 394 1139 .
420 1076 506 1140 Exin
523 1075 647 1139 nivibus
668 1087 699 1138 et
717 1077 874 1141 montibus
894 1078 975 1157 fessi,
990 1092 1157 1165 postquam
1176 1101 1303 1165 campos

243 1162 506 1249 propinquabant,
525 1160 621 1246 copiis
644 1160 811 1225 Carrhenis
831 1162 1069 1250 adjunguntur:
1100 1163 1305 1250 tramissoque

245 1269 336 1312 amne
351 1246 453 1333 Tigri,
499 1259 638 1310 ermeant
650 1247 842 1326 Adiabenos,
857 1269 993 1334 quorum
1004 1249 1078 1313 Rex
1092 1251 1194 1312 Izates
1208 1250 1302 1313 socie-

171 1374 181 1393 .
246 1345 340 1396 tatem
356 1269 549 1396 Meherdatis
563 1329 665 1417 palam
679 1331 834 1412 induerat,
849 1333 881 1397 iu
897 1334 1054 1398 Gotarzen
1067 1356 1124 1420 per
1137 1335 1256 1398 occulta
1270 1349 1304 1398 et

246 1417 344 1502 magis
357 1417 421 1479 lida
434 1413 608 1486 inclinabat.
648 1417 710 1480 Sed
723 1432 815 1503 capta
833 1419 867 1480 in
889 1420 1022 1483 transitu
1038 1419 1114 1484 urbs
1128 1419 1237 1498 Ninos,
1250 1443 1304 1484 ve-

248 1501 416 1567 tustissima
431 1501 519 1566 ¹sedes
534 1502 680 1586 Assyrias,
703 1516 735 1566 et
749 1503 877 1583 Arbela,
897 1504 1058 1572 castellum
1075 1505 1195 1591 insigne
1208 1505 1306 1585 lama,

247 1717 276 1764 de
283 1716 314 1764 U.
323 1724 346 1764 rt
353 1716 380 1762 P.
390 1716 422 1780 N
430 1725 446 1763 t.
454 1716 499 1790 l3p.
508 1717 563 1782 l2ll,
572 1719 625 1764 534.
634 1718 675 1780 qui
682 1719 761 1766 acriter
825 1722 858 1766 Ia
869 1722 971 1767 transita
982 1721 1036 1767 arla
1047 1720 1137 1780 Ninos]
1156 1723 1188 1767 Ia
1201 1722 1306 1768 transita

247 1783 359 1841 Algaraa
377 1780 486 1828 defendrt.
524 1781 602 1828 Vales.
621 1783 651 1828 ad
673 1781 759 1830 Euseb.
791 1792 834 1839 eat,
853 1783 911 1833 dum
930 1799 968 1831 eas
985 1785 1089 1847 regiones
1108 1791 1232 1831 umaeunt
1265 1785 1306 1832 De

248 1844 282 1892 H.
295 1845 324 1891 Ε.
336 1845 362 1904 l,
376 1843 412 1891 13.
426 1853 551 1908 utrumque
561 1853 649 1893 rectum
661 1861 709 1892 esse
720 1847 760 1893 de·
792 1847 856 1894 Nino
870 1863 937 1910 porro
954 1863 984 1894 ne
1000 1848 1098 1906 dubites,
1110 1862 1182 1910 quam
1198 1847 1306 1896 funditus

247 1907 327 1967 tenna,
347 1909 386 1954 ssd
404 1908 495 1971 prasfert
509 1907 624 1970 Ἀγέαρος,
643 1911 759 1968 Acbarus,
792 1927 807 1958 a
815 1912 920 1974 Gyaxare
933 1920 957 1959 et
968 1912 1191 1960 Nabuchodonosore
1204 1911 1304 1959 deletam

247 1975 277 2020 ob
287 1987 423 2020 consensum
437 1973 570 2021 Graecorum
587 1982 609 2020 et
624 1974 760 2022 Latinorum
793 1975 892 2023 scimus:
909 1976 1036 2023 instaurata
1047 1983 1100 2038 post
1110 1975 1208 2031 videtin,
1221 1975 1261 2022 sed
1277 1985 1307 2024 ut

247 2036 390 2098 scriptorum.
401 2036 549 2096 Scilicet,non
556 2037 673 2097 quaritur,
682 2046 760 2084 utrum
792 2038 823 2084 ad
833 2039 952 2100 pristinam
963 2039 1147 2102 magnitudinem
1157 2053 1204 2085 non
1215 2038 1305 2087 rediret.

247 2100 277 2146 sit
287 2115 328 2162 per
338 2115 363 2146 se
373 2099 464 2156 rectius,
479 2099 518 2146 sed
532 2107 611 2144 utrum
622 2100 692 2162 vulgo
702 2101 761 2146 mter
792 2102 831 2148 Sic
841 2101 930 2148 ridetur
945 2116 1000 2149 cum
1016 2102 1075 2161 aliis,
1087 2111 1139 2148 tum
1155 2102 1254 2150 Cellario
1271 2105 1305 2154 G.

248 2165 370 2212 Graecoset
382 2161 477 2208 Latinus
485 2161 567 2209 tritius.
584 2163 655 2210 Etru.
755 2212 759 2217 ,
792 2165 825 2210 Α.
837 2163 868 2212 Τ.
879 2164 913 2211 11.
931 2181 955 2228 p.
965 2167 1020 2212 660.

281 2225 411 2286 Cambone]
433 2224 486 2272 Jac.
505 2226 636 2274 Gronovius
652 2235 725 2286 notat,
737 2228 761 2274 itt
828 2230 955 2276 Castellum
975 2232 1067 2290 larigna
1077 2231 1162 2294 santa]
1178 2231 1306 2278 Atteatum

249 2291 304 2340 MS.
321 2291 383 2338 Flor.
399 2289 468 2336 scribi
483 2290 532 2336 sine
550 2291 702 2352 aspiratione:
726 2307 761 2338 se·
792 2293 899 2339 lectorem
910 2308 957 2341 non
967 2293 1032 2340 fallet
1043 2294 1134 2341 vitium.
1151 2294 1306 2352 Qaidenim?

249 2355 296 2402 mel
307 2370 354 2401 uno
365 2370 386 2400 r.
403 2353 449 2400 Ed
460 2369 494 2415 pr.
506 2367 595 2416 semper
606 2357 712 2402 Careiae.-
722 2355 761 2402 sed
794 2357 835 2417 An
845 2357 927 2404 Ninon
935 2358 1054 2404 castellum
1063 2367 1137 2416 vocat,
1146 2373 1217 2421 quam
1228 2357 1307 2421 paullo

154 2425 155 2428 ’
249 2419 282 2467 ibi
292 2419 361 2466 etiam
372 2418 432 2464 infra
443 2419 566 2478 Parracis,
579 2419 632 2466 etin
643 2419 695 2466 aliis
704 2435 762 2483 quo·
794 2429 848 2468 ante
863 2423 963 2469 urbem?
990 2421 1024 2468 Et
1033 2430 1142 2468 utrumne
1154 2421 1217 2485 apud
1226 2422 1308 2469 Ninon

249 2500 295 2547 que
305 2485 381 2531 verbis
396 2476 450 2529 una'
458 2483 524 2529 litera
537 2496 581 2545 pro
596 2484 690 2548 duplici.
725 2485 764 2533 Sic
793 2495 935 2547 postremum
946 2486 1014 2533 Darii
1030 2502 1083 2532 cum
1096 2486 1233 2533 Alexandro
1246 2501 1307 2549 proe-

249 2547 363 2595 etGuelf.
379 2547 450 2593 Eun.
589 2552 592 2563 '
794 2550 854 2596 lium
869 2549 933 2597 fuit?
961 2550 1014 2596 Ima
1030 2548 1094 2596 haud
1110 2550 1191 2613 procul
1210 2550 1309 2608 Arbela,

284 2612 346 2669 Quia
362 2612 435 2657 hiems
453 2612 588 2675 accipiahot']
612 2610 684 2661 tiss.
702 2612 762 2673 Reg.
794 2614 856 2675 apud
873 2628 962 2676 pagum
979 2612 1131 2675 Gaugamela.
1167 2613 1308 2661 Inseruerim

250 2674 310 2737 Agr.
325 2674 362 2721 ed.
375 2688 411 2737 pr.
427 2677 567 2735 occupabat.-
585 2684 608 2723 et
618 2676 765 2738 sicplaoebat
794 2692 850 2739 ergo
867 2692 954 2734 rocon,
971 2678 1033 2724 aeder
1046 2678 1163 2738 Assyria,
1182 2685 1206 2724 et
1220 2679 1309 2725 Arbela

251 2740 355 2787 Murato.
388 2738 532 2785 Oetereeedd.
542 2742 672 2803 mclplehat.
691 2734 764 2787 aar.
795 2743 914 2789 mellum
931 2742 1024 2802 insigne
1033 2742 1127 2804 jainar
1147 2750 1268 2802 auterens,
1288 2740 1309 2789 ei

251 2802 315 2851 Bud.
336 2804 466 2864 mclplelat.
498 2803 682 2851 Rectius'forsan
698 2816 765 2850 occa-
795 2805 891 2853 aan'ssit
900 2805 925 2852 id
934 2805 1043 2867 intelligi,
1054 2804 1136 2851 addita·
1143 2806 1233 2868 copula,
1245 2807 1309 2853 ardea

246 2868 328 2930 palat,
339 2881 395 2913 uam
405 2866 479 2913 hiems
487 2867 536 2927 jam
549 2876 597 2915 erat
613 2868 699 2915 adulta.
727 2866 765 2915 Ea
795 2869 903 2930 Λημνία»
916 2876 938 2917 et
952 2871 1079 2917 catullum.
1096 2868 1171 2916 ers.
1204 2870 1310 2932 Ryclriua

251 2930 342 2979 dicendi
350 2930 425 2977 lanua
434 2930 531 2978 occurrit
541 2940 564 2978 et
575 2933 655 2979 Germ.
667 2934 706 2978 22.
796 2934 876 2980 eMS.
891 2935 952 2995 Agr.
967 2933 1052 2996 recepit
1070 2940 1093 2981 et
1109 2935 1204 2993 Arbela,
1219 2949 1240 2981 c.
1255 2936 1273 2980 i.
1284 2935 1315 2995 s.

285 2992 657 3058 Campoa]SicFlor.Reg.Agr.
682 2996 766 3043 Aliiet
796 2997 919 3045 Sedillum
927 2997 1311 3061 codiceminterpolantmnonuno

252 3058 315 3105 Bud.
336 3060 429 3119 canapis.
462 3057 552 3105 Eadem
568 3058 686 3107 diversitas
702 3058 766 3123 apud
796 3060 847 3108 loco
858 3061 975 3109 contendit
988 3061 1039 3109 Jac.
1051 3062 1189 3121 Gronovius,
1205 3076 1247 3109 nec
1256 3077 1311 3125 pro·

253 3122 306 3171 Iriv.
317 3125 405 3182 30,25.
797 3126 838 3171 bat
851 3125 937 3188 Ryckii
952 3126 1048 3174 factum.
1084 3126 1186 3173 Picbena
1202 3126 1311 3188 posterio-

287 3188 395 3243 anram
412 3188 465 3235 Rea
476 3186 587 3250 Jallates]
604 3187 642 3236 Ita
655 3187 716 3236 edidi
737 3202 780 3235 ex·
797 3204 847 3236 rem
866 3190 941 3253 nipsit
959 3191 1112 3250 conjecturam
1130 3190 1221 3251 recepit.
1248 3188 1312 3251 ugo

253 3253 311 3299 mais
328 3252 399 3301 libris.
431 3252 511 3314 Vulgo
530 3261 615 3312 tamen,
637 3254 766 3314 statuas.-
797 3252 880 3300 ritium
892 3254 973 3301 esseio
984 3253 1008 3299 h.
1019 3254 1036 3300 l.
1047 3268 1094 3300 non
1104 3254 1228 3315 ambigam.
1246 3254 1311 3300 Nam

253 3324 277 3363 et
294 3316 371 3363 statim
388 3316 457 3373 infra,
476 3319 571 3375 Bautae,
588 3317 658 3364 etiarn
674 3317 699 3363 in
719 3330 768 3363 ma·
798 3318 873 3379 potuit
887 3318 981 3381 quidem
1001 3317 1097 3363 Tacitus
1113 3316 1240 3379 periphrasi
1255 3318 1309 3377 uti;

253 3394 317 3427 nuss.
357 3378 427 3437 Scito,
444 3394 525 3426 verum
549 3394 632 3433 nomon
658 3388 706 3426 esee
720 3382 767 3426 Ja-
798 3381 900 3427 sedtum
911 3381 991 3427 debuit
1000 3380 1088 3427 dicere:
1107 3396 1127 3427 c.
1145 3382 1162 3426 ἰ.
1166 3381 1192 3442 f.
1206 3382 1236 3427 ad
1251 3383 1311 3442 qaod

253 3450 321 3490 autea.
356 3444 394 3490 lta
409 3444 472 3490 enim
493 3444 622 3507 appellatur
640 3451 768 3491 constanter
798 3446 962 3491 -Peraaram
973 3446 1199 3504 opeacaaclderant:
1215 3459 1263 3491 nou
1270 3446 1310 3503 sic,

253 3506 357 3571 Josepho
367 3509 408 3565 20,
422 3509 447 3565 2,
458 3507 482 3553 3.
498 3508 573 3554 ubiet
588 3506 682 3554 historia
693 3507 768 3553 omnis
799 3515 826 3554 ut
842 3516 877 3555 est
892 3508 918 3555 in
934 3507 1041 3569 vulgatis.
1075 3510 1147 3555 Nunc
1159 3510 1248 3556 clarum
1267 3518 1309 3567 est,

255 3570 363 3633 explicita
374 3571 404 3618 de
417 3570 505 3631 origine
515 3570 586 3631 hujus
598 3571 672 3633 Regis·
682 3580 705 3618 et
715 3585 768 3632 pra-
798 3585 883 3618 nomen
898 3572 943 3620 loci
958 3571 1105 3634 praeeesse,
1116 3572 1145 3620 de
1161 3588 1208 3635 quo
1223 3573 1311 3638 aliquid

254 3648 353 3695 gressa.¹
376 3634 462 3681 Narrat
480 3642 559 3680 autem
576 3634 702 3697 losephus‚
720 3634 768 3680 Ju-
798 3635 877 3696 addat,
889 3644 979 3696 utente
994 3636 1023 3682 de
1037 3636 1109 3684 Nino.
1143 3637 1227 3700 laque
1237 3636 1312 3699 recepi

253 3697 468 3759 daiceareligionis.
480 3712 534 3743 eum
557 3708 580 3745 et
600 3709 697 3746 matrem
716 3699 767 3745 He·
798 3698 920 3747 lectionem
934 3699 1018 3747 codicis
1033 3701 1094 3762 Agr.
1134 3701 1205 3748 Unde
1221 3701 1312 3748 Grono-

213 3764 217 3775 '
254 3762 330 3809 lenam
341 3761 427 3817 fuisset
444 3760 565 3824 multaque
579 3762 633 3820 alia,
645 3778 698 3826 que
713 3778 768 3826 ope-
799 3764 851 3810 rius
866 3763 978 3815 didicerit.
994 3765 1127 3825 preclaram
1142 3764 1312 3823 urbemfatsse,

254 3842 286 3873 rae
303 3826 332 3873 sit
348 3827 429 3889 legere.
453 3824 524 3873 Ltrs.
561 3828 664 3874 Juliates
680 3826 715 3874 ed.
732 3842 768 3889 pr.
799 3828 891 3875 nescio:
912 3827 1007 3875 Curtius
1022 3832 1101 3875 oleam
1116 3829 1223 3891 appellat.
1240 3828 1312 3875 Ean.

254 3900 344 3937 etmox
355 3892 448 3947 Erotes,
465 3898 492 3937 ut
507 3890 586 3937 Guell.
615 3891 676 3938 Mox
688 3890 768 3938 eadem
800 3891 926 3938 Pichenarn
933 3902 1061 3955 sequuntur
1069 3892 1123 3955 Bip.
1134 3892 1313 3940 audaeana.

249 3955 393 4015 perocculto
408 3962 431 4001 et
446 3956 592 4015 awgiaflda,
605 3955 768 4017 utpostRhe·
800 3958 1014 4019 cart.l.s.absque
1030 3957 1119 4019 copula.
1153 3954 1246 4018 Siquid
1256 3968 1313 4018 sup·

254 4017 402 4072 nanusdedit
418 4033 430 4065 e
445 4017 495 4065 cod.
513 4018 576 4065 Bud.
592 4034 646 4065 cum
659 4020 768 4066 interme·
799 4019 920 4081 plendum,
943 4021 998 4083 Bip.
1018 4021 1095 4083 potius
1121 4020 1267 4079 Gaugamela
1287 4019 1313 4067 id

254 4082 300 4130 die
321 4082 372 4132 edd.
392 4081 507 4131 dedissent
522 4085 673 4129 martianaei
690 4098 720 4128 m.
733 4086 770 4143 fi-
799 4085 947 4142 essevolnnt,
958 4084 1129 4131 rectiuatamen
1143 4083 1212 4145 plane
1227 4097 1313 4130 nomen

256 4147 318 4195 aaa.
334 4148 406 4195 Eun.
430 4145 538 4207 Ali-«los.
551 4147 769 4199 Isamrvocaturin
799 4147 875 4195 omitti
885 4158 985 4195 censent.
1013 4147 1122 4195 Ceterum
1133 4147 1315 4195 ArbelaStrabo

77 4230 84 4245 ·
186 4218 199 4258 ⁴.
256 4209 291 4256 ed·
304 4212 403 4259 Froben.
418 4221 441 4259 et
453 4208 552 4257 Havete.
586 4212 617 4257 In
631 4210 675 4258 hac
691 4219 769 4257 tamen
801 4213 838 4259 16.
848 4212 932 4273 ρ.737,
942 4213 1051 4258 κατοικίαν
1059 4212 1179 4271 ἀξιόλογον,
1187 4212 1313 4259 etAnian.

256 4287 280 4335 p.
299 4276 357 4323 958.
372 4276 397 4322 in
413 4292 472 4325 vers.
489 4274 542 4322 Lat.
577 4276 669 4323 Jaeetea
685 4274 769 4321 dicitm
799 4275 917 4338 3.p.173.
931 4275 1074 4321 alnarvocat.
1109 4274 1157 4323 Ast
1167 4275 1313 4338 Gaugamela

255 4336 280 4383 in
299 4346 354 4385 nota
376 4340 400 4387 l.
419 4339 484 4389 Bud.
503 4341 609 4389 Parata.-
633 4354 689 4388 mox
704 4340 768 4386 Eza-
798 4338 843 4385 hoc
859 4348 915 4394 teste
929 4340 947 4387 l.
962 4339 986 4385 6.
1002 4353 1027 4399 p.
1044 4340 1101 4387 399.
1118 4339 1183 4386 vicus
1199 4348 1248 4387 erat
1264 4351 1312 4385 uon
1406 4399 1409 4404 Ι

254 4408 294 4448 tas.
725 4438 730 4450 .
798 4402 1064 4467 magnusnrccrlebria
1095 4403 1166 4451 Unde
1181 4403 1313 4461 lactamur
