3042 4950
253 240 324 281 tc.
343 201 435 291 ara
609 222 686 281 nra.
705 222 786 281 xva
809 226 891 287 car.
910 232 954 287 rs.
1245 230 1304 287 aaa

252 380 302 450 illi
311 382 377 473 dies
391 404 446 467 per
460 403 613 459 somnum,
626 404 688 445 nox
703 382 809 447 officiis
829 396 861 453 et
873 384 1102 455 oblectamentis
1117 386 1188 451 vitae
1210 401 1308 450 trans-

252 464 414 549 igebatur:
437 480 536 551 utque
552 466 630 532 alios
642 465 804 544 industria,
827 467 870 531 ita
889 470 973 533 hunc
993 470 1117 554 ignavia
1130 470 1170 535 ad
1191 466 1307 535 famam

252 548 424 633 protulerat
435 577 443 615 ε
454 549 699 635 habebaturque
712 572 775 612 non
810 573 887 617 aneo
900 563 932 615 et
953 552 1143 639 profligator,
1159 568 1195 618 ut
1204 612 1205 615 ,
1215 552 1308 640 pleri·

250 655 314 717 que
336 656 392 698 sua
412 633 629 710 haurientium,
652 634 706 700 sed
720 574 843 699 erudio
864 635 951 701 luxu.
996 638 1046 699 Ac
1060 637 1143 700 dicta
1163 637 1307 721 factaque

251 717 319 799 ejus
332 731 450 801 quanto
463 716 611 784 solutiora
625 729 656 780 et
669 718 825 801 quandam
843 718 890 781 sui
907 719 1128 815 negligentiam
1141 722 1308 805 praeferen-

251 801 306 878 tia,
336 812 423 864 tanto
450 800 578 885 gratius,
605 800 637 862 in
666 800 797 897 speciem
826 802 1038 887 simplicitatis,
1068 802 1305 888 accipiebantur.

251 883 423 963 Proconsul
443 898 547 947 tamen
566 884 733 969 Bithyulae,
756 898 788 947 et
808 906 881 947 mox
897 886 1024 963 Consul,
1048 888 1201 973 vigentem
1217 911 1249 951 se
1270 910 1306 953 ac

247 990 357 1064 parem
371 968 501 1052 negotiis
514 967 665 1033 ostendit:
688 968 760 1032 dein
774 967 932 1033 revolutus
946 970 987 1033 ad
996 969 1080 1049 vitia,
1090 994 1144 1037 seu
1158 971 1305 1036 vitiorum

249 1052 430 1129 imitatione,
452 1052 532 1115 iuter
551 1074 667 1137 paucos
685 1051 883 1115 familiarium
905 1052 1023 1117 Neroni
1041 1056 1225 1140 adsumptus
1247 1068 1302 1132 est,

249 1134 410 1221 elegantiae
434 1136 568 1209 arbiter,
593 1136 669 1199 dum
689 1135 766 1197 nihil
787 1158 943 1201 amoenum
970 1150 1001 1199 et
1022 1138 1114 1201 molle
1135 1138 1303 1206 adfluentia

249 1233 351 1305 putat,
366 1218 424 1282 nisi
443 1220 530 1304 quod
550 1219 579 1281 ei
600 1220 765 1283 Petronius
785 1219 1023 1304 adprobavisset.
1070 1222 1166 1287 Unde
1187 1222 1303 1287 invidia

158 1343 162 1349 ·
250 1302 408 1387 Tigellini,
421 1303 511 1387 quasi
524 1301 672 1369 adversus
685 1301 832 1367 aemulum
848 1315 878 1366 et
899 1304 1024 1369 scientia
1038 1304 1233 1391 voluptatum
1247 1330 1302 1391 po-

247 1387 368 1451 tiorem.
421 1389 510 1471 Ergo
532 1385 743 1449 crudelitatem
767 1385 930 1472 Principis,
956 1388 1007 1450 cui
1029 1400 1138 1452 ceterae
1160 1390 1303 1455 libidines

246 1471 407 1546 cedebant,
422 1469 614 1567 adgreditur,
634 1466 798 1532 amicitiam
821 1470 943 1533 Saevini
965 1472 1112 1536 Petronio
1133 1473 1299 1558 objectans,

245 1566 398 1638 conrupta
408 1554 449 1617 ad
462 1553 610 1615 rudicium
617 1576 719 1634 servo,
729 1554 935 1639 ademptaque
944 1554 1130 1632 defensione,
1143 1570 1174 1619 et
1184 1556 1301 1643 majore

246 1652 334 1723 parte
348 1638 474 1699 familiae
487 1638 521 1698 in
533 1637 632 1699 vincla
647 1652 744 1721 rapta.
1086 1706 1089 1712 ,
1201 1670 1203 1673 ·
1293 1666 1295 1671 ·

290 1722 393 1785 ΧΙΧ.
414 1724 510 1785 Forte
531 1720 591 1784 illis
612 1721 722 1783 diebus
742 1721 944 1817 Campaniam
960 1724 1111 1807 petiverat
1131 1724 1246 1799 Caesar,
1268 1741 1299 1790 et

247 1806 364 1875 Cumas
386 1828 486 1889 usque
510 1827 690 1902 progressus
710 1805 873 1869 Petromus
896 1805 958 1871 illic
980 1808 1186 1873 adtinebatur.
1230 1811 1297 1873 Nec

245 1890 318 1953 tulit
328 1889 411 1954 ultra
421 1890 539 1952 umoris
546 1904 601 1952 aut
612 1888 677 1973 spei
688 1911 805 1951 moras:
829 1912 929 1974 neque
941 1900 1042 1953 tamen
1051 1913 1188 1977 praeceps
1201 1892 1298 1959 vitam

246 1973 377 2058 expulit,
393 1973 447 2035 sed
467 1974 575 2051 incisas
589 1994 692 2049 venae,
708 1986 744 2035 ut
764 1972 899 2050 libitum,
914 1973 1074 2058 obligatas,
1089 1975 1207 2060 aperire
1227 1998 1298 2043 rur·

246 2072 359 2120 sumet
374 2057 501 2142 adloqui
521 2056 643 2132 amicos,
658 2078 720 2118 non
741 2078 797 2141 per
812 2057 899 2134 seria,
915 2070 969 2120 aut
983 2058 1097 2141 quibus
1118 2062 1296 2124 constantiae
1348 2096 1350 2101 s

240 2140 373 2226 gloriam
387 2152 516 2228 peteret.
557 2140 782 2224 Audiebatque
799 2140 1062 2217 referentesnihil
1076 2142 1117 2205 de
1129 2141 1297 2212 inmortali·
1382 2191 1384 2207 ,

243 2237 308 2287 tate
320 2225 430 2287 auimae
445 2239 476 2287 et
490 2224 673 2309 sapientium
687 2223 816 2308 placitis,
833 2224 884 2287 sed
900 2223 980 2287 levia
993 2225 1127 2302 carmina
1146 2239 1178 2288 et
1192 2227 1294 2291 faciles

244 2330 360 2390 versus.
402 2312 568 2373 Servorum
582 2306 656 2371 alios
668 2306 841 2392 largitione,
857 2307 1008 2394 quosdam
1018 2308 1197 2373 verberibus
1210 2310 1295 2399 adfe-

243 2539 308 2590 eos.
325 2541 355 2590 ed
374 2541 442 2588 cam
461 2556 481 2588 c.
500 2543 523 2586 5.
543 2539 583 2602 (cf.
602 2537 661 2600 Jug.
678 2554 698 2586 c.
717 2541 752 2595 ὅ.)
780 2577 782 2582 .
818 2539 855 2586 Ac
882 2541 944 2588 dicta
959 2538 1081 2602 fictaque]
1117 2541 1155 2587 Aa
1176 2539 1240 2588 deest
1265 2539 1290 2588 in

242 2603 307 2651 Tum
320 2619 396 2665 paura
412 2620 485 2664 supro
501 2603 573 2650 MSS.
591 2601 654 2648 Flos.
674 2601 751 2648 Guelf.
784 2601 847 2649 Bud.
1028 2617 1031 2620 ·

242 2669 279 2716 ed
295 2681 331 2728 pr.
348 2667 447 2728 aliaeque
462 2673 517 2713 vett.
551 2665 597 2713 uod
615 2673 700 2712 temere
715 2665 752 2710 in⁴
817 2667 948 2714 Proconral
976 2666 1110 2728 Bithynia]
1146 2665 1185 2712 Sic
1213 2680 1293 2716 omnes

242 2745 334 2777 versum
356 2739 390 2777 est
410 2730 464 2777 inde
484 2745 500 2774 a
520 2730 543 2776 R
561 2742 642 2781 anano,
664 2727 705 2789 qui
727 2727 751 2789 (e
783 2729 954 2790 scriptietedd.
971 2727 1103 2785 vidaon,
1115 2733 1155 2776 52.
1187 2727 1293 2776 Marci·

242 2792 320 2853 Bur.)
341 2792 405 2840 dedit
430 2794 458 2838 de
488 2792 516 2839 C.
538 2792 651 2838 Petronio
671 2805 750 2850 cupra
780 2798 873 2852 gentem
887 2791 943 2840 MS.
962 2789 1147 2854 (Buayauelf.
1162 2790 1198 2839 ed.
1214 2790 1292 2842 Rhea.

160 2906 165 2915 s
243 2858 392 2904 Parmae.
409 2852 616 2902 melanthiae
632 2867 749 2962 wffiuffm
783 2869 848 2917 seqq.
871 2855 997 2902 Atceterae
1006 2861 1060 2900 vett.
1071 2855 1195 2914 ingentem.
1218 2854 1291 2902 Ena.

241 2920 314 2966 Ena.
347 2918 426 2979 Negat
442 2915 518 2979 Ryck.
533 2917 635 2977 itemque
706 2931 749 2962 em.
783 2917 880 2979 Respice
894 2917 924 2964 ad
938 2919 977 2975 15,
993 2917 1032 2962 53.
1065 2915 1121 2964 Fuit
1135 2929 1212 2964 autem
1232 2916 1290 2970 Pra-

243 2981 377 3028 Pctronium
387 2980 508 3027 Arbitrum
517 2979 661 3040 hicpossein
703 2978 733 2989 '⁸
783 2980 863 3028 consul
881 2980 945 3043 prius
960 2994 1030 3041 quam
1049 2977 1146 3038 Consul,
1161 2980 1217 3041 quia
1237 2980 1291 3027 Bri-

275 3045 318 3091 lut
336 3045 385 3090 dics
402 3058 445 3104 per
459 3056 565 3103 amanam
596 3041 658 3088 Vide
670 3055 750 3089 verum
783 3043 863 3105 thynia
898 3042 1014 3106 provincia
1048 3041 1202 3100 Consulmis3
1235 3056 1290 3092 mex

242 3107 305 3155 bunc
321 3105 500 3168 adversipedem,
521 3113 548 3152 ut
616 3104 622 3114 ⁰
640 3104 648 3150 i
671 3104 751 3166 appel·
783 3105 879 3166 Consul,
890 3107 948 3154 inter
959 3104 1071 3163 suffectos,
1083 3113 1146 3166 puta.

241 3171 299 3218 lant.
348 3168 407 3216 Dies
427 3177 503 3216 noster
516 3169 564 3214 illi
582 3182 630 3214 nox
651 3175 706 3225 erat,
728 3176 751 3216 et
814 3169 861 3220 Seu
877 3171 989 3216 vitiorum
1005 3166 1170 3230 imitaticraem]
1185 3168 1223 3216 Sic
1234 3168 1288 3218 MS.

241 3247 349 3306 nox-pro
369 3232 413 3280 die
461 3231 561 3279 Pulchre
580 3230 683 3340 omniuq
695 3230 751 3304 istos
782 3230 923 3340 ssuqlfedd.
936 3231 1162 3340 vetltihomne'e..MS.
1177 3231 1239 3279 Flor.
1256 3233 1291 3294 (et

241 3296 415 3420 iffi
429 3295 749 3420 sarabaras
782 3309 849 3404 uia
862 3295 985 3417 bili.
1003 3297 1291 3418 aestimasti

241 3425 316 3469 comni
334 3428 431 3482 tempta.
458 3421 529 3476 Quies
546 3421 601 3468 est?
619 3422 672 3483 (pro
685 3428 751 3467 nocte
782 3434 823 3466 seu
844 3420 900 3482 quia
920 3421 950 3466 ad
968 3419 1024 3467 vitia
1048 3421 1164 3468 revolutus
1185 3427 1226 3474 eet,
1248 3435 1289 3468 reu

241 3485 343 3548 quietem
360 3483 436 3532 dixit:
459 3493 528 3547 atque
542 3484 576 3531 ita
588 3482 665 3530 locum
680 3481 750 3531 inter-
782 3482 838 3544 quia
855 3483 1003 3538 lusitabamus
1027 3491 1049 3530 et
1065 3483 1177 3536 ablativus
1193 3483 1232 3534 ille
1249 3485 1290 3532 ab·

240 3556 318 3612 pretor
343 3562 371 3595 ac
402 3546 529 3609 distinguo)
558 3561 621 3593 nanc
646 3559 750 3597 raaces·
782 3545 870 3592 solutus
885 3560 938 3592 cum
954 3545 1072 3618 participio
1088 3545 1291 3608 conjunctaque

240 3627 303 3666 mur,
325 3625 387 3657 amre
405 3617 621 3670 gemmam-amre
633 3609 750 3668 prandea-
782 3607 815 3652 nil
829 3607 969 3670 macarius
984 3609 1073 3656 Tacito.
1105 3607 1160 3671 vid.
1176 3624 1245 3670 supra
1261 3609 1291 3666 ad

241 3690 301 3722 mar.
335 3675 443 3723 Jamtue
454 3675 555 3734 propius
567 3672 675 3721 acreda?
693 3677 749 3717 um-
782 3684 802 3716 c
820 3671 857 3717 10.
873 3670 919 3720 Sed
931 3669 1039 3716 hicmihi
1055 3679 1131 3719 tamen
1147 3671 1290 3720 accusativus

237 3744 416 3798 precatorem.
447 3736 564 3798 Acplura
578 3732 650 3782 ibide
665 3733 750 3808 ludiim
782 3733 870 3805 melior.
903 3733 1012 3807 ¹Dubitat
1032 3732 1133 3807 Tacitus,
1153 3740 1238 3806 utrum·
1254 3733 1288 3780 vi·

227 3797 606 3924 ,sesamae
621 3796 750 3858 1..
782 3803 878 3913 aare
902 3795 1290 3906 arcensarcens

239 3924 749 3989 octusncctibusetnactaruoafiiebumrti-
781 3918 1018 3985 Budquamrecipio
1033 3935 1086 3968 cum
1102 3919 1157 3982 Bip.
1189 3920 1250 3968 Mox
1263 3921 1289 3970 ia
1377 3977 1380 3983 .

240 3987 309 4037 mar
324 3990 367 4035 hoe
381 3990 443 4034 inter
458 3990 613 4037 instrumento
629 3987 748 4032 luxuria.-
780 3983 843 4030 Bud.
854 3985 1011 4032 estNerontr.
1122 4035 1124 4040 y
1399 4017 1402 4028 .

242 4053 277 4099 ita
289 4059 316 4099 ut
328 4066 379 4098 sero
394 4053 423 4098 da
437 4063 516 4096 rormw
530 4055 673 4110 surgeretct
686 4048 748 4102 ralu-
795 4094 798 4100 ,
815 4046 918 4108 Proeceps
934 4048 1019 4111 otton]
1036 4047 1138 4109 Elegans
1154 4053 1188 4093 est
1203 4046 1288 4095 Acida-

242 4116 291 4160 tori
313 4116 431 4174 inciperet,
455 4127 523 4160 mm
548 4120 626 4160 autem
647 4113 748 4157 donnae
773 4109 1107 4171 ,liiconjecturaperproecrpa
1139 4108 1303 4158 MoxGuelf.

242 4179 376 4237 inceptaret.
407 4177 483 4223 lars.
518 4178 599 4238 Officia
613 4175 748 4231 antelucana
780 4187 875 4229 aman.
894 4187 939 4228 sec.
954 4173 985 4219 ad
1007 4174 1107 4230 libitum,
1122 4171 1179 4220 item
1194 4171 1230 4220 ed.
1252 4189 1287 4236 pr.

240 4239 342 4300 adpellat
352 4238 444 4286 Plinius
453 4241 529 4302 epil,
547 4240 585 4288 12.
597 4237 633 4286 cc
643 4244 675 4284 et-
684 4238 748 4284 Suet.
780 4234 851 4283 Ean.
952 4279 955 4284 .
1136 4265 1137 4268 =

242 4299 308 4365 aug.
317 4301 357 4357 78.
369 4302 457 4364 Symm.
469 4317 506 4365 ep.
518 4302 589 4361 l‚23.
813 4299 904 4346 Faciles
921 4297 1010 4362 verae]
1028 4298 1088 4346 Sunt
1105 4297 1201 4356 ludicri,
1208 4299 1287 4360 jocosi,
