3042 4950
208 249 282 293 ac.
299 227 364 309 aa]
554 228 631 286 ara.
652 228 731 287 xvi.
751 230 901 290 caree.
937 253 939 256 ν
1207 233 1267 305 aas
1306 178 1312 193 ¹

209 388 362 459 miraculo
375 389 467 455 etiam
482 390 638 454 Neronem
652 390 841 477 permoveri:
856 388 1091 455 dnerudelitati
1100 391 1267 468 insisteret,

213 476 362 563 distingui
385 487 468 537 certe
492 474 577 559 apud
598 488 736 560 posteros
757 474 935 539 memoriam
959 475 1080 539 honesti
1103 476 1206 541 exitus
1228 475 1269 539 ab

212 562 336 649 ignavia
349 582 404 645 per
418 558 573 621 silentium
588 560 813 645 pereuntium.”
1205 575 1208 584 ¹

259 646 391 711 XXVI.
416 646 543 721 Contra,
555 644 611 727 qui
624 644 849 729 opperiendum
862 642 946 705 domi
959 644 1133 720 censebant,
1147 641 1188 707 de
1201 644 1270 730 ipso

215 732 354 794 Thrasea
384 726 512 791 eadem:
544 727 634 791 “sed
661 726 798 792 ludibria
825 739 857 790 et
882 728 1085 791 contumelias
1110 728 1269 792 inminere.

215 813 416 879 subtraheret
437 834 527 874 aures
547 811 689 875 conviciis
710 824 741 875 et
765 810 894 897 probris.
938 812 1014 875 Nou
1036 811 1138 875 solum
1158 816 1272 876 Cossu·

204 899 333 962 ,tianum
354 911 409 961 aut
431 896 567 994 Eprium
581 895 622 959 ad
636 896 733 961 scelus
747 911 924 993 promptos:
948 918 1116 982 superesse,
1138 896 1194 981 qui
1207 897 1271 959 for-

103 1046 110 1064 ,
187 1026 203 1038 -·
214 984 293 1047 sitan
316 1004 426 1046 manus
448 990 589 1066 letusque
610 1004 666 1067 per
685 981 898 1045 inmanitatem
919 980 1044 1044 ausuri:
1067 981 1160 1044 etiam
1173 982 1272 1045 bonos

209 1082 300 1131 metu
314 1068 415 1153 sequi.
455 1065 640 1131 Detraheret
652 1065 757 1151 potius
772 1064 911 1140 Senatui,
930 1086 1024 1150 quem
1037 1065 1271 1151 perornavisset,

207 1152 373 1215 infamiam
397 1150 475 1215 tanti
496 1148 624 1236 flagitii3
648 1162 680 1212 et
702 1148 889 1234 relinqueret
908 1150 1070 1227 incertum,
1095 1150 1183 1235 quid,
1204 1152 1273 1215 viso

215 1236 357 1299 Thrasea
369 1259 433 1311 reo,
448 1234 600 1298 decreturi
615 1236 724 1297 Patres
737 1232 864 1297 fuerint.
907 1237 955 1299 Ut
970 1234 1129 1297 Neronem
1139 1234 1273 1319 flagitio·

214 1342 286 1382 rum
300 1319 403 1405 pudor
417 1332 550 1403 caperet,
565 1318 659 1381 inrita
671 1340 725 1403 spe
740 1317 868 1415 agitari:
884 1318 1046 1401 multoque
1057 1320 1155 1403 magis
1166 1320 1275 1383 timen-

208 1404 303 1479 dum,
326 1425 365 1465 ne
385 1402 419 1465 in
439 1403 616 1498 cou‘ugem,
641 1402 674 1464 in
697 1402 857 1479 familiam,
880 1402 913 1465 in
933 1415 1034 1465 cetera
1053 1402 1185 1487 pignora
1206 1406 1274 1490 ejus
1373 1405 1377 1411 ⁴

214 1487 344 1551 saeviret.
386 1426 523 1551 Proinde
544 1498 754 1564 mtemeratus,
776 1485 957 1571 inpollutus,
979 1508 1114 1571 quorum
1136 1488 1275 1571 vestigiis

212 1585 246 1636 et
260 1570 370 1635 studiis
383 1571 479 1634 vitam
492 1569 629 1647 duxerit,
644 1576 751 1633 eorum
764 1570 865 1655 gloria
877 1585 995 1657 peteret
1008 1572 1127 1634 linem.'’
1152 1571 1274 1637 Aderat

210 1656 339 1721 consilio
349 1655 500 1719 Rusticus
511 1655 681 1732 Arulenus,
690 1654 825 1740 flagrans
830 1655 966 1741 juvenis,
975 1668 1007 1719 et
1016 1656 1162 1741 cupidine
1172 1656 1275 1721 laudis

212 1741 372 1819 offerebat,
396 1742 462 1802 “se
481 1738 718 1809 intercessurum
741 1738 1014 1807 Senatusconsulto
1026 1742 1054 1802 :’'
1075 1762 1148 1803 nam
1175 1740 1276 1827 plebis

216 1824 379 1890 Tribunus
399 1840 476 1887 erat.
519 1822 669 1887 Cohibuit
690 1823 815 1909 spiritus
836 1824 906 1909 ejus
927 1824 1078 1901 Thrasea,
1102 1834 1125 1863 ‘⁶
1135 1848 1174 1889 ne
1194 1847 1275 1890 vaus

213 1920 246 1973 et
267 1931 321 1973 reo
341 1930 406 1973 aon
429 1907 604 1993 profutura,
632 1908 824 1971 intercessori
842 1908 982 1986 exitiosa,
1004 1908 1162 1994 inciperet.
1208 1911 1275 1975 Sibi

212 2004 315 2057 actam
329 2006 464 2069 aetatem,
479 2004 509 2056 et
525 2005 571 2055 tot
589 2015 645 2078 per
664 2015 760 2057 annos
775 1992 957 2057 continuum
970 1993 1044 2057 vitae
1058 1993 1198 2059 ordinem
1211 2018 1275 2059 non

216 2076 437 2149 deserendum:
452 2076 496 2140 illi
507 2076 630 2141 initium
640 2078 896 2163 Magistratuum,
907 2091 938 2140 et
946 2078 1077 2163 integra,
1089 2102 1161 2165 quae
1169 2102 1276 2167 super-

166 2224 168 2228 .
215 2163 284 2225 sint.
329 2161 473 2227 Multum
486 2174 557 2227 ante
571 2183 674 2225 secum
689 2161 887 2247 expenderet,
902 2162 999 2248 quod,
1014 2163 1069 2227 tali
1077 2162 1112 2227 in
1126 2179 1275 2251 tempore,

215 2318 269 2369 Ber.
295 2320 375 2369 eodem
399 2320 465 2370 retia
499 2321 570 2369 Ense.
604 2324 730 2369 Heraeam
760 2322 882 2376 mamati
895 2323 1086 2387 simpersrentur,
1105 2327 1277 2390 Augustano-

213 2401 255 2449 pro
265 2386 366 2433 hnmano
379 2400 461 2447 genere
476 2385 546 2432 habet
562 2393 585 2433 et
599 2385 675 2433 Varro
691 2401 729 2447 sp.
760 2386 807 2433 cari
822 2387 899 2435 solitos
915 2388 1074 2450 imperatores,
1090 2391 1115 2438 id
1130 2392 1224 2455 quidem
1234 2392 1277 2441 dc-

215 2450 278 2497 Non.
296 2450 371 2498 Marc
387 2454 411 2509 2,
423 2454 463 2498 98.
479 2448 516 2496 Cf.
531 2456 554 2496 et
570 2448 618 2498 Cic.
636 2448 729 2498 adAtt.
760 2449 806 2498 ceri
817 2450 921 2499 debebat
953 2452 1018 2500 Tum
1027 2457 1283 2516 perinmmnitateme

217 2513 255 2572 13,
267 2514 306 2561 21.
317 2513 406 2561 Justin.
417 2515 457 2572 42,
469 2515 494 2562 3.
760 2515 924 2563 consuetudine
934 2517 1018 2565 Latine
1027 2519 1147 2582 loquendi,
1157 2520 1220 2568 haud
1231 2522 1276 2570 du·

246 2579 292 2624 Sin
302 2578 436 2624 crudelitati
451 2578 579 2640 insisteret]
598 2576 636 2626 Sic
650 2575 730 2624 Gueli.
760 2578 799 2625 bie
814 2578 959 2627 mierendum
973 2580 1003 2628 ad
1018 2591 1132 2644 agentem.
1164 2584 1212 2632 Sed
1227 2586 1278 2634 sine

213 2639 265 2688 edd.
278 2648 332 2688 vett.
349 2640 478 2687 Rhenanus
491 2641 562 2688 edidit
576 2643 614 2687 rin
630 2642 729 2686 cradelt-
759 2641 825 2689 libris
846 2644 980 2692 melioribus
1000 2645 1041 2692 vix
1062 2647 1151 2710 aliquid
1171 2648 1278 2697 atricari

216 2705 401 2765 imperrirterei.
425 2703 500 2752 Vetus
510 2704 608 2752 restituit
619 2703 729 2752 Pioheus.
759 2713 841 2766 potest.
874 2707 945 2754 Ean.
980 2705 1039 2761 Cod.
1061 2710 1122 2774 Agr.
1141 2726 1188 2773 per
1208 2714 1278 2762 imm.

215 2765 278 2814 Flos.
302 2767 336 2814 ed.
359 2782 394 2830 pr.
417 2768 438 2814 ri
459 2769 485 2814 in
506 2769 571 2814 erud.
590 2765 630 2812 sed
649 2766 728 2814 eodem
760 2767 827 2830 Aeg.
841 2771 981 2818 intentarent
995 2787 1010 2818 a
1023 2772 1041 2818 l.
1056 2787 1089 2820 m.
1108 2783 1160 2822 tum
1175 2790 1190 2822 a
1205 2781 1228 2824 2.
1243 2791 1277 2826 m.

215 2837 308 2892 spmtat.
339 2831 412 2878 Eas.
444 2829 508 2876 Bud.
525 2831 657 2876 crudelitati
671 2845 729 2890 per·
760 2832 901 2893 ingererent.
927 2837 1076 2884 Intaatarent
1092 2838 1162 2885 simili
1175 2838 1279 2889 locone-

215 2895 312 2942 rirteret.
394 2891 400 2906 “
733 2952 737 2958 ¹
760 2903 807 2942 ster
817 2895 887 2943 habet
897 2897 966 2944 edam
982 2899 1006 2958 3,
1018 2900 1058 2948 36.
1069 2901 1103 2948 H.
1117 2902 1140 2959 l,
1151 2904 1190 2952 69.
1201 2905 1226 2961 3,
1237 2907 1279 2954 31.

246 2960 285 3004 De
299 2960 349 3018 ipso
368 2957 471 3004 Thraeca
486 2957 577 3020 eadem]
596 2954 654 3004 Cod.
669 2956 730 3020 Agr.
761 2958 824 3006 (lum
840 2960 932 3022 Ryckio
946 2961 1002 3010 fadi
1017 2963 1102 3012 Hiller.
1120 2966 1177 3014 Rae.
1191 2968 1229 3014 18.
1238 2968 1278 3016 fir-

210 3021 313 3070 arenae
324 3023 373 3082 iprae
388 3022 498 3068 Thrasea.
760 3022 858 3073 miorem
878 3025 1022 3074 stomachum
1042 3028 1164 3090 professus
1197 3032 1279 3080 Aede-

247 3085 378 3144 Superesse,
395 3086 437 3144 qai
445 3084 551 3145 forsitan
564 3098 648 3131 manne
659 3087 730 3132 iotar-
760 3093 813 3134 rent
823 3089 904 3150 probat
917 3088 1015 3137 Lallem.
1030 3106 1133 3155 recepere
1147 3093 1202 3157 Bip.
1231 3097 1278 3144 Fa.

212 3145 334 3210 φῶμεν
349 3149 511 3200 baronitatem
526 3148 645 3211 Argenti]
667 3148 729 3196 Aui-
760 3157 818 3207 teor,
834 3151 893 3198 mihi
909 3167 955 3199 nou
971 3152 1066 3216 liquere,
1084 3165 1107 3204 et
1122 3159 1277 3218 conjecturam
1375 3156 1380 3166 ⁸

212 3223 277 3258 mam
292 3211 370 3274 egenti
380 3210 430 3258 loco
444 3225 529 3273 aquam
543 3211 574 3258 sic
590 3211 727 3260 effuderimr
757 3213 889 3264 Boxhomii
906 3216 996 3277 placere
1013 3232 1061 3279 pra
1082 3219 1183 3283 reliquis.
1214 3223 1279 3273 Eam

211 3275 319 3336 ictusque
344 3281 435 3338 parent.
473 3276 650 3322 Immaatratem
675 3277 728 3324 Aa·
759 3277 854 3339 proinde
867 3279 969 3327 exhibui.
992 3281 1276 3338 Minimereceditevul.

211 3339 279 3398 gasti
298 3342 368 3388 nram
385 3339 526 3385 bonarrneta
547 3342 617 3398 requi.
652 3339 727 3388 Lars.
755 3347 820 3414 pato.
853 3341 897 3389 Sed
914 3352 967 3392 ante
986 3347 1066 3404 etiam
1087 3347 1150 3410 quod
1167 3352 1276 3400 nonnulli

211 3401 305 3450 Melius
321 3401 443 3450 Acidaliae
459 3403 562 3462 ietarqee
573 3418 600 3462 p.
615 3405 631 3450 i.
645 3407 728 3450 anseri
758 3404 889 3463 intrudunt,
900 3421 946 3454 non
956 3407 1026 3456 lmbet
1036 3410 1099 3456 Bud.

175 3481 178 3486 ’
211 3466 262 3512 rint
284 3465 320 3512 vel
339 3466 428 3522 ,ausint
450 3473 473 3512 et
495 3465 590 3512 Grotius
610 3468 728 3515 auderent.
792 3469 898 3528 Senatui,
918 3485 986 3530 anem
1001 3476 1186 3542 perornavisset]
1214 3478 1276 3528 Puto
1347 3484 1359 3507 ³

212 3527 376 3582 ’iraeadem
391 3529 482 3590 malum
497 3527 621 3576 Salinerius
637 3539 660 3578 et
675 3531 727 3594 Ry.
758 3531 804 3594 leg.
828 3548 898 3593 quem
921 3549 1010 3596 semper
1030 3541 1166 3586 mearant.
1198 3542 1275 3597 L1rs.

211 3589 289 3649 altius,
311 3605 382 3656 qimrn
405 3606 447 3654 ega
470 3592 508 3640 hic
532 3605 577 3638 non
604 3608 728 3656 concoquo.
760 3597 940 3644 Perornavirret
958 3607 993 3646 est
1014 3615 1103 3664 semper
1123 3611 1146 3651 et
1163 3604 1277 3664 adhunc

210 3653 287 3702 -Domi
309 3655 370 3702 enim
395 3669 436 3702 cur
460 3669 507 3712 aon
531 3656 726 3720 proloquerentur‚
759 3674 834 3722 usque
850 3659 920 3719 diem,
938 3660 968 3708 ad
984 3662 1055 3722 tinem
1074 3681 1154 3728 usque,
1173 3676 1201 3716 ut
1217 3671 1279 3726 bene

214 3732 267 3780 quse
288 3717 416 3766 mutuent?
439 3719 559 3768 Broterius
579 3719 671 3780 conjicit
689 3723 728 3768 ia.
759 3730 839 3769 monet
857 3721 961 3772 Freinsh.
993 3726 1032 3774 Sic
1043 3731 1184 3790 perrigaere
1198 3735 1278 3792 4,34.

214 3781 427 3836 tarantasiae
443 3783 557 3843 Angusti-
591 3783 662 3841 Quod
677 3783 729 3832 lon-
760 3784 884 3835 etsimilia
914 3787 962 3836 Ed.
977 3803 1012 3851 pr.
1028 3793 1064 3852 (et
1077 3791 1127 3838 cod.
1145 3795 1220 3860 Bud.)
1237 3800 1277 3846 ia.

212 3844 267 3907 gius
287 3845 382 3892 alibris
397 3845 486 3894 recedit.
513 3845 560 3905 *An
575 3847 664 3910 scripsit
679 3847 729 3894 Ta·
753 3849 842 3911 samia.
875 3849 1073 3913 Atqueetlamin
1085 3854 1164 3904 auae
1180 3859 1275 3923 sigum

211 3907 282 3966 citus,
299 3911 340 3968 qni
348 3909 455 3970 forsitan
470 3910 501 3958 ad
516 3924 600 3958 nemeae
616 3913 727 3972 ictusque,
758 3912 1019 3962 limaemearunse
1051 3917 1124 3966 Etru.

211 3971 401 4046 utraferaturad
439 3973 534 4020 orator?
562 3972 612 4020 Nec
622 3973 729 4036 Augurii
791 3976 872 4025 Pete
885 3977 1279 4087 TriliJFlor.p1ehi,quodreoe.

214 4047 299 4081 nomen
324 4045 379 4083 satra
422 4035 535 4084 stenditur
557 4052 574 4084 a
599 4034 690 4098 Ryckio
713 4051 729 4086 c
759 4037 913 4101 pitJ.Grou.
961 4045 1049 4090 astreli
1059 4045 1201 4107 interrepere,
1212 4052 1277 4114 quod

212 4095 279 4144 Suet.
294 4099 350 4145 Ner.
363 4098 402 4146 46.
421 4100 464 4147 etei
477 4099 503 4146 J.
522 4099 638 4147 Gronorio
653 4101 729 4163 place·
759 4103 844 4150 eFlor.
861 4102 932 4151 edidit
943 4104 1054 4165 arrhene,
1071 4107 1140 4156 efism
1151 4111 1188 4159 ed.
1198 4127 1235 4174 pr.
1245 4117 1280 4165 ab

214 4160 255 4206 bat
275 4159 382 4208 defensio·
415 4161 478 4210 Nam
499 4161 533 4210 ibi
554 4164 673 4210 Senam
693 4163 728 4210 al-
759 4165 1061 4228 monemuthenses.
1092 4171 1165 4222 Enii.

213 4221 341 4286 loquuntur
365 4224 498 4272 Neronem:
525 4225 551 4273 in
576 4240 623 4288 quo
647 4241 729 4291 genere
793 4230 902 4278 enituit
922 4233 1023 4293 φίνίίω
1042 4232 1103 4297 ejus]
1124 4236 1196 4286 Bud.»
1211 4255 1278 4303 spana

212 4300 269 4334 esne
289 4287 400 4334 usitatum
420 4301 513 4346 nomm,
534 4302 603 4336 nenio
623 4290 727 4352 ambigit.
758 4295 816 4354 rJaa.
1013 4302 1015 4309 ·

214 4347 247 4397 In
257 4350 424 4399 nmmtiorribus
433 4359 474 4401 sat
484 4351 568 4401 talibus
579 4354 728 4413 samnitibus,
