3042 4950
257 278 325 323 m.
339 269 402 342 aa]
627 268 704 325 ma.
725 269 812 343 xm.
834 270 924 329 cnr.
945 274 994 330 55.
1277 275 1329 329 rsa

258 426 407 500 decedere
421 430 520 515 agris”
531 431 635 515 jussit.
676 433 786 517 Atque
801 430 860 494 illis
879 432 1148 517 adspernantibus,
1169 433 1328 499 auxiliaris

257 536 352 610 eques
371 528 497 612 repente
514 515 669 594 inmissus,
692 515 904 582 necessitatem
925 516 1049 596 adtulit,
1070 517 1172 605 captis·
1189 518 1323 596 caesisve,

260 619 316 683 qur
331 620 520 683 pervicacius
532 600 718 664 restiterant.

301 682 376 748 LV.
400 682 539 747 Eosdem
560 708 652 771 agros
673 685 832 751 Ansibarii
854 708 1054 772 occupavere,
1079 686 1211 751 validior
1235 711 1323 773 gens,

258 788 322 831 uon
333 768 430 834 modo
442 792 500 833 sua
513 770 613 855 copia,
628 770 683 835 sed
692 770 900 857 adjacentium
911 771 1099 857 populorum
1110 771 1303 837 miseratione
1312 798 1325 846 ς

258 851 334 936 quia
347 852 431 938 pulsi
444 877 465 917 a
480 854 625 934 Chaucis,
640 870 673 919 et
687 857 768 921 sedis
781 856 900 942 inopes,
911 870 1016 920 tutum
1026 851 1170 919 exsilium
1184 856 1324 921 orabant.

260 936 441 1025 Aderatque
461 938 510 1017 iis,
529 939 631 1005 clarus
647 962 703 1026 per
717 940 786 1005 illas
802 952 921 1027 gentes,
937 953 968 1004 et
988 941 1077 1005 nobis
1091 962 1217 1027 quoque
1231 940 1325 1019 fidus,

257 1022 382 1087 nomine
403 1024 577 1103 Boiocalus,
601 1028 783 1091 “vinctum
805 1048 837 1088 se
858 1024 1023 1089 rebellione
1045 1027 1213 1103 Cherusca,
1232 1027 1324 1112 jussu

255 1106 421 1186 Arminii,''
427 1110 579 1188 referens,⁴
585 1118 607 1149 “
617 1132 703 1187 mox,
714 1109 844 1173 Tiberio
852 1124 883 1173 et
898 1111 1087 1175 Germanico
1103 1109 1260 1189 Ducibus,
1268 1110 1324 1177 sti-

256 1192 371 1277 pendia
382 1193 540 1259 meruisse.
574 1194 810 1281 Quinquaginta
822 1214 974 1257 annorum
986 1195 1136 1281 obsequio
1149 1195 1183 1259 id
1197 1218 1324 1281 quoque

254 1276 437 1363 adjungere,
464 1277 552 1363 quod
579 1291 704 1364 gentem
740 1300 829 1343 suam
858 1277 969 1343 ditioni
1002 1294 1116 1343 nostrae
1146 1280 1320 1365 subjiceret.

258 1360 400 1436 Quotam
412 1375 535 1449 partem
548 1364 649 1451 campi
661 1364 776 1451 jacere,
790 1364 824 1427 in
839 1384 934 1450 qnam
944 1386 1056 1449 pecora
1069 1375 1101 1427 et
1114 1378 1253 1427 armenta
1267 1364 1324 1428 mi·

256 1445 349 1512 litum
368 1447 538 1534 aliquando
563 1448 869 1514 transmitterentur?
897 1450 1062 1513 Servarent
1086 1470 1158 1513 sane
1185 1458 1324 1533 receptos

257 1531 417 1630 grchbus,
430 1533 512 1597 inter
525 1533 687 1597 hominum
700 1534 838 1609 famam3
862 1532 956 1598 modo
971 1556 1009 1597 ne
1023 1532 1197 1597 vastitatem
1212 1546 1244 1595 et
1256 1531 1325 1595 soli-

257 1617 399 1681 tudinem
406 1618 549 1697 mellent,
564 1641 659 1703 quam
673 1619 787 1683 amicos
801 1616 943 1705 populos.
978 1618 1211 1683 Chamavorum
1226 1638 1326 1703 quon·

256 1855 357 1902 maltam
364 1858 437 1917 prior
446 1857 544 1904 madata
551 1858 715 1918 magnitudine
723 1859 775 1903 αηί·
810 1856 903 1903 Patron.
914 1872 934 1903 c.
944 1856 984 1903 44.
994 1870 1086 1919 nempe,
1104 1870 1157 1903 cum
1175 1870 1221 1902 non
1238 1864 1292 1903 sunt
1304 1854 1329 1902 in

257 1922 301 1979 mi,
313 1922 430 1967 attinuere
437 1923 545 1969 renim
561 1922 705 1981 Antiquam,
713 1920 777 1983 quod
810 1934 896 1982 magno
907 1920 987 1983 pretio,
999 1936 1052 1967 cum
1064 1919 1136 1982 pretia
1149 1934 1228 1969 eorum
1242 1920 1328 1980 jacent,

258 1984 431 2046 quodammodo
441 1984 531 2033 excedit
540 1983 638 2032 modum
651 1984 737 2043 seculi,
754 1992 778 2033 at
810 1984 931 2037 utCiaero
942 1984 1046 2047 loquitur
1060 1998 1103 2047 pro
1118 1985 1186 2032 Rosa·
1205 1983 1272 2031 Com.
1292 1984 1329 2029 12.

258 2048 391 2111 antiquitati
402 2048 502 2096 laudata
514 2063 557 2111 par
570 2057 611 2095 est.
644 2050 777 2095 AEmatatto
809 2048 884 2096 Ean.

258 2118 337 2159 autem
348 2114 415 2171 tana
431 2120 460 2159 ut
473 2112 530 2159 alibi
539 2126 625 2172 prava
657 2111 778 2173 sicigitur
842 2112 966 2177 Serenam
984 2126 1040 2161 aare
1057 2112 1171 2174 receptor]
1190 2110 1326 2166 scriberem,

258 2174 351 2237 accipe:
369 2178 437 2235 quari
449 2175 513 2238 qnod
526 2183 586 2221 esset
599 2178 699 2237 impetur
712 2176 777 2222 am
806 2183 914 2236 receptor
933 2184 957 2223 et
966 2176 1067 2238 famens·
1099 2176 1174 2223 lars.
1207 2174 1281 2229 Editi,
1300 2183 1326 2222 ut

258 2241 300 2299 qai
313 2240 405 2286 athana
418 2242 565 2287 mamaeae
579 2238 649 2287 fieret.
683 2238 776 2287 Gaorr.
809 2246 843 2287 cst
863 2238 888 2285 in
913 2241 1021 2288 omnibus
1042 2239 1131 2301 scriptis
1150 2247 1173 2286 et
1197 2238 1249 2286 edd.
1276 2247 1330 2285 ante

258 2305 327 2351 Baria
336 2304 483 2352 ammiane
491 2302 564 2351 MSS.
581 2302 656 2365 (Bud.
666 2301 746 2363 etalii)
755 2310 779 2351 et
810 2302 916 2351 Freinsh.
938 2304 979 2367 qui
998 2303 1028 2351 de
1049 2304 1178 2363 coniectura
1200 2302 1271 2349 edidit
1292 2316 1329 2349 re·

255 2366 312 2415 aad
319 2375 436 2415 vettante
443 2368 520 2416 Rhen-
529 2362 642 2431 quidedit
651 2368 779 2416 oemalaiio.
810 2372 889 2430 captur
900 2376 923 2415 et
928 2370 1037 2431 saraam,-
1054 2381 1153 2430 quorum
1163 2366 1223 2413 illud
1234 2365 1328 2431 quidem

255 2431 333 2507 Erit.
370 2432 427 2480 Scil.
444 2430 523 2480 Rhea.
537 2432 638 2507 finalem
652 2446 682 2480 ne
697 2446 713 2505 a
729 2446 777 2508 req:
810 2432 959 2507 commodum
970 2446 1063 2480 mireum
1079 2430 1157 2490 habet,
1173 2444 1220 2506 non
1234 2430 1286 2489 hoc,
1304 2430 1329 2476 in

257 2496 779 2622 aestimaretis
810 2495 1329 2623 transmitteretis

256 2623 315 2686 legit
335 2625 388 2670 boni
408 2625 537 2671 antelmio.
580 2623 662 2670 Heins-
687 2623 779 2670 volebat
810 2625 872 2683 cepti
883 2625 1007 2684 gregibus,
1024 2631 1080 2670 sunt
1095 2621 1202 2678 concessi,
1218 2621 1266 2668 dati
1280 2635 1331 2682 gran

256 2688 493 2737 mandauerit.
808 2685 878 2748 gibus
893 2686 990 2734 alendis.
1023 2687 1109 2746 Rectpt
1124 2685 1238 2746 eleganter
1249 2684 1330 2732 dicun-

291 2753 428 2815 Amatoria]
444 2752 492 2799 Ed.
500 2767 537 2814 pr.
550 2752 678 2800 Anrivarii
688 2766 697 2796 .·
708 2758 731 2798 et
741 2749 778 2798 in-
811 2757 855 2804 tur,
874 2766 926 2813 qua
942 2751 1098 2813 excipiuntur,
1114 2757 1264 2797 reservantur.
1298 2749 1329 2795 V.

258 2819 296 2866 fra
305 2818 463 2879 Ampsivarii.
494 2817 526 2863 In
538 2815 590 2863 loco
600 2815 723 2862 Ammiani
737 2815 778 2873 22,
812 2813 885 2861 Gran.
897 2814 927 2860 ad
937 2815 1029 2862 Senecae
1046 2814 1116 2862 Cous.
1130 2812 1160 2859 ad
1171 2813 1246 2859 Marc.
1258 2829 1276 2860 c
1291 2815 1329 2860 10.

261 2884 299 2930 lo.
306 2897 335 2930 ex
342 2895 390 2944 quo
400 2880 481 2927 Rhea.
501 2879 630 2928 Armarior
637 2878 725 2937 laudat,
733 2894 779 2941 pu·
810 2884 881 2941 atque
890 2878 952 2924 idem
963 2877 1068 2942 estquod
1080 2885 1133 2924 ante
1140 2891 1159 2924 c.
1167 2879 1206 2922 tt.
1217 2879 1329 2937 repositae

259 2955 340 3010 tatque
353 2944 445 2993 eordan
458 2959 513 2992 cum
528 2944 573 3002 his,
584 2944 696 2990 Attanae
711 2942 780 2990 hodie
812 2947 866 2988 aral
881 2943 1004 2990 militam.-
1020 2959 1058 3004 ap.
1071 2940 1165 2988 Livium
1179 2941 1201 2999 l,
1218 2940 1257 2987 53.
1273 2942 1331 2986 reli-

258 3011 376 3072 leguntor,
385 3016 545 3070 qaeestgens
554 3008 705 3054 Francorum.
722 3005 794 3065 vid.¹
812 3021 882 3066 qaam
892 3008 1010 3067 captivam
1017 3007 1144 3067 acuamur
1159 3006 1185 3050 ia
1199 3005 1331 3065 edificatio-

260 3075 294 3120 ibi
307 3073 433 3120 lindenbr.
445 3079 474 3119 ,et
488 3072 566 3121 Vales-
599 3070 667 3118 Male
682 3070 779 3132 igiture
811 3085 864 3118 uana
870 3072 951 3131 templi
959 3073 1067 3132 seposuit.
1101 3069 1173 3116 Porro
1184 3069 1246 3114 inter
1255 3069 1331 3114 haml-

260 3139 311 3185 laco
332 3135 409 3188 Taciti
430 3135 517 3198 colligit
537 3135 615 3183 Rha.
638 3134 739 3182 Francos
766 3150 779 3182 e
811 3149 869 3180 rrum
879 3136 984 3196 samam,
1007 3132 1116 3195 intellige,
1133 3132 1152 3180 si
1171 3131 1241 3180 modo
1254 3133 1331 3194 campi

261 3199 481 3264 Gheudsprodirsc.
519 3199 779 3261 MaradpnBoiaea-
810 3198 845 3244 illi
856 3198 902 3246 sint
912 3198 971 3246 inter
985 3198 1098 3257 homines,
1115 3195 1143 3243 iis
1153 3195 1217 3255 locis,
1232 3197 1274 3243 ubi
1288 3196 1331 3244 ho-

258 3269 304 3314 dae.
321 3266 377 3313 MS.
390 3264 469 3312 Guelf-
477 3265 596 3312 Biocalae.
619 3263 692 3311 Erre.
714 3262 779 3310 Bud.
810 3262 884 3310 minet
896 3261 949 3322 sint,
960 3263 1082 3318 habitent3
1100 3260 1163 3323 quod
1173 3259 1262 3307 clartam
1273 3269 1330 3308 este

260 3331 400 3378 Amadasse
811 3341 858 3388 seq.
872 3327 941 3372 mado
955 3341 983 3373 nc
999 3328 1164 3373 oarfitatemet
1180 3325 1329 3370 solitudinem

255 3428 257 3434 .
293 3393 475 3455 Quinquaginta
491 3392 621 3454 canaram]
637 3390 704 3438 libri
722 3399 778 3438 vett.
810 3391 911 3438 mallent.
934 3389 1172 3450 Hominumsamam,
1182 3387 1329 3450 sirefamam

259 3460 424 3522 qmaagtua.
457 3456 482 3503 A
493 3453 778 3504 cladecerteVariaoaad
809 3469 852 3516 pro
861 3453 917 3502 locis
929 3453 1037 3501 habitatis
1053 3453 1094 3500 illa
1104 3460 1159 3499 atas
1174 3451 1241 3509 dixit,
1259 3450 1330 3514 idque

259 3525 304 3572 hoc
313 3537 400 3581 aarum
411 3520 565 3585 quadraginta
574 3534 616 3567 sex
625 3519 712 3566 circiter
722 3519 778 3566 anni
805 3517 910 3565 'illustrat
920 3518 1022 3564 Gronov.
1033 3517 1094 3566 Obs.
1101 3518 1122 3576 l,
1136 3518 1159 3562 d.
1169 3516 1210 3562 ubi
1220 3515 1285 3562 hunc
1293 3515 1328 3562 lo·

259 3597 323 3636 sunt.
342 3586 420 3634 lnrs.
443 3583 654 3632 mvsaouett
663 3585 778 3645 φαίημ-
808 3595 864 3628 cnm
882 3581 986 3629 similiter
1003 3582 1109 3644 explicat.
1149 3579 1254 3627 Freinrh.
1273 3593 1328 3626 con-

256 3656 344 3715 ganta:
361 3659 429 3710 reate,
444 3662 542 3695 numero
556 3647 664 3705 rotundo,
679 3647 721 3694 eui
735 3647 778 3694 ali·
807 3643 1328 3708 jecmratamenrecepuniede.Fr.ttro-

259 3726 319 3782 quot
333 3716 390 3764 enni
407 3713 438 3762 ad
457 3711 575 3760 retitulari
591 3711 674 3760 derint·
705 3711 777 3759 Earn
809 3709 880 3769 noui,
895 3711 953 3772 (non
968 3711 999 3756 ab
1013 3707 1074 3772 ipso)
1092 3707 1187 3772 aptit,
1202 3715 1233 3766 et,
1252 3707 1329 3770 prime

261 3782 325 3830 Bud.
332 3780 465 3828 hebebatct
475 3779 647 3838 qulnquaginta
660 3789 779 3823 annorum
810 3805 811 3808 =
841 3781 883 3834 rte,
895 3773 947 3822 Jac.
960 3773 1083 3820 Gronovii.
1110 3773 1172 3819 Mox
1188 3773 1259 3818 acati
1273 3771 1329 3818 MS.

261 3849 373 3908 mepta.
400 3844 472 3902 qu-
505 3841 544 3888 stc
554 3850 578 3891 et
588 3840 679 3888 Puteal.
713 3839 779 3886 Ante
825 3853 873 3885 vor.
885 3837 920 3886 ed.
933 3852 968 3900 pr.
994 3839 1067 3885 Eau.
1099 3836 1160 3884 Satis
1176 3835 1260 3882 arridet
1274 3849 1329 3882 oon-

259 3913 341 3973 qaenq.
356 3920 471 3972 puncuun
487 3905 564 3968 potuit
580 3904 700 3952 (imarus
733 3903 779 3950 06-
808 3903 898 3962 jectura
912 3903 966 3965 Bip.
977 3915 1048 3964 quam
1065 3899 1156 3963 recepi.
1181 3913 1278 3955 mutuet
1299 3901 1330 3947 ab

262 3976 344 4039 polam
354 3981 408 4021 ante
418 3973 497 4034 quinq.
508 3968 628 4017 hebentet
638 3967 703 4015 codd
715 3967 778 4014 Fica
810 3965 933 4014 hominum
960 3979 1022 4012 nunc
1051 3964 1179 4013 viventium
1208 3963 1327 4010 numeria.

261 4049 286 4088 et
301 4040 360 4102 Agr.
393 4037 423 4084 In
443 4033 506 4082 Bud.
525 4036 548 4081 2.
563 4048 596 4080 m.
613 4034 672 4080 bene
687 4031 778 4079 delevit.
810 4029 875 4076 Bud.
886 4037 989 4091 receptor
997 4043 1038 4090 gr.
1048 4031 1112 4076 inter
1120 4031 1182 4076 haar.
1185 4027 1289 4090 famant.

264 4103 347 4152 Heius.
357 4099 504 4151 volebatsed·
606 4106 608 4112 ’
845 4095 1031 4158 cananaeorum]
1050 4093 1096 4140 Pro
1110 4092 1147 4140 his
1158 4092 1327 4152 Menapiorum

257 4198 267 4224 ¹.
298 4167 398 4224 Quotam
411 4170 507 4228 partem
521 4163 612 4225 campi]
629 4161 707 4220 Forte,
727 4161 779 4216 Qua
810 4158 934 4221 legendum
945 4157 1073 4220 suspicatur
1084 4154 1236 4220 SpenerNot
1247 4154 1327 4202 Germ.

264 4238 362 4292 tamma
373 4238 421 4289 eut,
433 4243 479 4291 qao
488 4242 547 4274 eam.
557 4260 561 4267 »
571 4226 699 4288 vulgatam
709 4224 779 4272 etiam
811 4231 858 4270 aut.
879 4225 903 4281 4,
921 4221 946 4278 3,
964 4221 1004 4270 30.
1022 4229 1046 4268 ct
1062 4221 1113 4268 loco
1134 4220 1268 4266 Tubantum
1287 4234 1329 4281 po·

262 4296 342 4352 tolero,
355 4295 465 4358 etcopio-
498 4291 571 4339 Iarrs.
602 4288 779 4340 Jaceredieitur
811 4285 913 4335 nendum
925 4286 1111 4346 Sugambrorum
1121 4283 1159 4331 vel
1170 4284 1331 4344 Sugambram

263 4353 780 4478 v
812 4347 1345 4478 assentationu-
