3042 4950
248 208 280 252 n.
295 208 322 250 e.
336 191 398 263 tu]
614 195 691 252 LIB.
714 195 794 255 XIV.
816 196 905 255 CAP.
932 198 975 259 17.
1265 198 1322 255 209

249 367 439 435 connectere,
465 371 560 442 utque
583 357 680 444 Ipsius
706 359 813 436 verba,
838 359 1061 446 quoquomodo
1088 355 1219 456 prolata,
1243 377 1316 442 sup-

246 440 350 525 plere:
377 441 463 526 quod
483 441 598 527 species
616 442 684 529 ipsa
702 443 875 508 carminum
893 445 995 528 docet,
1010 466 1074 508 non
1092 456 1202 529 mpetu
1223 455 1255 506 et
1268 443 1314 506 in-

247 527 375 604 stinctu,
391 547 446 590 nee
460 550 513 600 ore
528 550 592 592 uno
605 526 715 592 fluens.
750 529 857 593 Etiam
873 530 1031 615 sapientiae
1043 527 1223 595 doctoribus
1237 541 1314 590 tem-

246 631 308 695 pus
326 611 512 698 inpertiebat
530 624 601 698 post
621 612 739 698 epulas,
762 628 799 678 ut
815 613 968 678 contraria
987 612 1235 678 adseverantium
1253 611 1313 676 dis

154 753 156 758 .
246 696 360 760 oordiae
373 710 576 771 eruerentur:
599 719 655 761 nee
675 699 813 777 deerant,
828 700 884 785 qui
899 723 952 764 ore
965 698 1120 786 vultuque
1138 697 1219 762 tristi
1232 695 1313 762 inter

177 815 179 820 v
250 781 479 846 oblectamenta
492 781 579 868 regia
593 784 722 868 spectari
737 796 898 868 cuperent.
990 857 994 862 ,
1221 821 1223 825 ·

291 866 413 937 XVII.
448 867 515 931 Sub
538 867 622 931 idem
647 881 782 954 tempus,
806 868 866 933 levi
886 868 1081 934 contentione
1101 880 1192 933 atrox
1212 868 1313 934 coedes

242 966 325 1030 orta,
340 953 421 1016 inter
435 952 560 1016 colonos
569 954 742 1018 Nucerinos
754 953 1033 1040 Pompeianosque,
1045 953 1230 1039 gladiatorio
1244 977 1311 1040 spe-

246 1037 378 1115 ctaculo,
394 1037 481 1124 quod
491 1035 652 1102 Livineius
663 1038 818 1123 Regulus,
833 1062 928 1125 quem
940 1051 1060 1104 motum
1077 1040 1193 1102 Senatu
1207 1039 1310 1116 retuli,

245 1123 377 1187 edebat:
394 1122 512 1209 quippe
526 1123 684 1209 oppidana
697 1123 822 1188 lascivia
834 1123 966 1189 invicem
978 1124 1172 1200 incessentes,
1183 1125 1309 1211 probra,

244 1207 357 1272 deinde
377 1229 462 1285 saxa,
482 1221 638 1293 postremo
652 1209 771 1272 ferrum
792 1232 861 1272 sum
918 1231 962 1288 re,
977 1207 1125 1272 validiore
1144 1209 1310 1296 Pompeia-

245 1314 357 1356 norum
381 1292 483 1380 plebe,
505 1293 591 1378 apud
613 1316 692 1379 quos
714 1309 856 1379 speetacu
870 1317 923 1358 um
945 1294 1105 1358 edebatur.
1151 1293 1241 1379 Ergo
1261 1318 1311 1357 re-

243 1378 359 1464 portati
378 1392 451 1442 sunt
468 1379 503 1455 iu
519 1379 628 1442 urbem
642 1377 733 1442 multi
753 1402 771 1442 e
785 1379 962 1458 Nucerinis,
978 1393 1090 1444 trunco
1109 1401 1166 1465 per
1179 1379 1309 1444 vulnera

164 1529 166 1536 ,
242 1482 382 1549 corpore,
405 1486 440 1526 ac
465 1462 605 1549 plerique
622 1461 791 1543 liberorum
812 1478 869 1527 aut
893 1478 1059 1550 parentum
1080 1477 1194 1528 mortes
1215 1463 1310 1530 defle-

242 1549 328 1612 bant.
375 1548 477 1635 Cujus
498 1548 542 1611 rei
562 1547 718 1635 judicium
741 1549 891 1634 Princeps
913 1548 1053 1626 Senatui,
1075 1546 1208 1613 Senatus
1226 1549 1310 1614 Con-
1347 1617 1355 1628 ‚

244 1788 508 1853 tumusqueadrimni
526 1786 684 1852 Moxquoquo
695 1791 762 1838 modi
791 1789 868 1838 Juvat
887 1788 967 1850 etiarn,
990 1787 1053 1865 quod
1074 1779 1214 1851 subjiciturr
1239 1791 1309 1840 fuisse

244 1856 303 1904 bene
316 1854 512 1902 PicheneeFlor.
544 1854 592 1902 Sed
602 1855 634 1902 sie
647 1863 670 1902 et
682 1854 761 1904 Guelt'.
792 1864 869 1903 tamen
878 1855 955 1908 etium,
965 1869 1006 1918 qur
1015 1869 1060 1901 non
1070 1855 1168 1902 riderent
1176 1870 1230 1902 eum
1240 1855 1308 1902 Prin.

244 1920 281 1966 ed.
293 1933 329 1982 pr.
342 1932 468 1980 omnesque
478 1925 572 1966 veteres.
606 1918 698 1966 Vitium
706 1933 761 1981 ope·
791 1917 850 1981 cipe,
867 1917 915 1977 sed,
928 1918 986 1966 dum
1002 1918 1042 1964 iIIe
1057 1918 1140 1965 rideret
1154 1918 1308 1982 Philosophus

243 1982 476 2044 rarumiuitquaque
490 1981 711 2042 venementius
726 1998 760 2042 ea,
791 1981 942 2044 disputantes,
970 1997 1047 2030 severo
1077 1981 1144 2028 vultu
1171 1982 1308 2032 adsiderent.

419 2045 762 2158 reuulsus
792 2045 1308 2174 sennensem

243 2177 317 2224 ΕΒΗ.
350 2174 415 2223 Bud.
433 2176 519 2222 ablutor
536 2171 577 2222 sed
593 2191 608 2222 a
624 2177 648 2222 2.
664 2189 697 2220 m.
719 2177 761 2222 ad-
792 2173 887 2236 etquis
902 2175 1005 2238 mquitur
1020 2177 1165 2235 eputariet
1181 2174 1237 2238 quia
1252 2175 1309 2223 alibi

244 2243 309 2288 tutus.
791 2252 885 2301 quoque
899 2251 924 2284 or
938 2247 961 2286 et
977 2239 1056 2286 nultus
1069 2239 1209 2301 junguntur,
1226 2247 1253 2286 ut
1269 2255 1306 2302 ap.

277 2307 334 2352 Nee
348 2316 394 2349 uno
409 2318 449 2350 ore
457 2304 549 2366 fluens]
566 2301 650 2362 Miror,
667 2301 705 2350 hie
720 2316 761 2351 ne·
791 2301 877 2364 virgil.
897 2305 923 2361 9,
941 2303 996 2350 251.
1013 2310 1036 2350 et
1052 2301 1115 2350 alibi.
1147 2302 1219 2350 Eure.
1252 2302 1308 2366 Bip.

236 2369 332 2430 ,mInem
354 2375 452 2416 tentasse
466 2368 604 2428 flentium,
626 2381 679 2414 cum
704 2367 761 2414 alibi
786 2365 1221 2439 'reponunternerentunquodverum
1232 2374 1306 2428 putor

243 2433 299 2483 talia
310 2431 554 2481 tententurinTaeito
568 2437 592 2478 et
604 2430 662 2479 alus
696 2430 770 2493 Num,
791 2429 907 2479 eruitiale
923 2446 938 2478 a
953 2429 1017 2478 finali
1033 2429 1180 2505 precedentis
1196 2429 1258 2478 vocis
1273 2442 1307 2481 est

237 2502 318 2560 fluens
336 2504 359 2545 et
377 2498 462 2559 species
478 2510 524 2544 non
541 2497 600 2543 bene
615 2496 760 2543 conveniunt
791 2495 932 2558 absorptum.
965 2494 1054 2543 Sedere
1064 2495 1147 2543 rectius
1157 2494 1260 2558 legetur:
1280 2505 1307 2545 ut

244 2562 290 2611 Sed
305 2560 347 2609 illa
366 2560 462 2623 ieelim
478 2574 525 2607 non
541 2574 660 2623 sempera
678 2560 760 2608 Tacito
791 2572 811 2606 e.
832 2574 877 2606 arr.
899 2561 921 2607 d.
942 2564 1089 2617 eruerentur,
1107 2558 1170 2622 quod
1189 2558 1265 2607 visum
1284 2572 1308 2609 et

236 2634 332 2687 ,serrata
350 2632 393 2681 est,
413 2623 443 2672 ad
464 2624 577 2687 poeticam
594 2624 706 2672 rationem
723 2624 759 2671 in.
791 2622 883 2671 Hillero
893 2624 950 2671 Rnc
965 2624 1005 2670 38.
1023 2622 1085 2670 Bud.
1099 2638 1114 2669 a
1127 2625 1147 2671 1.
1159 2637 1191 2670 nr.
1207 2622 1307 2672 habebat

242 2691 348 2749 elinaute.
366 2687 428 2736 Vide
438 2688 468 2736 ed
478 2691 503 2747 4,
516 2690 556 2736 32.
572 2688 633 2737 Mox
644 2687 669 2735 in
679 2688 715 2736 ed.
724 2704 758 2753 pr.
790 2693 859 2747 atqrre
870 2703 888 2734 e.
904 2704 949 2735 ass.
960 2688 984 2733 d.
995 2694 1137 2735 ruerenturr
1154 2687 1216 2733 unde
1231 2690 1255 2735 2.
1270 2704 1304 2735 m.

242 2757 416 2815 abesttrmpur.
449 2754 522 2801 Eun.
789 2749 843 2797 fecit
859 2757 937 2813 utque.
971 2751 1025 2813 Bip.
1045 2752 1172 2811 conjectant
1186 2766 1262 2813 porro,
1279 2761 1307 2799 nt

236 2860 239 2865 .
280 2818 357 2880 thue
371 2820 492 2867 contrarie
508 2818 691 2864 memorantium
710 2818 758 2863 dir-
790 2817 831 2873 qui
848 2830 867 2860 c.
884 2822 1050 2872 asseverarent,
1067 2817 1093 2861 in
1109 2816 1237 2861 discordias
1253 2832 1307 2863 rue-

138 2892 145 2905 ·
242 2886 327 2931 cordiae
349 2880 500 2942 eruebantur]
525 2872 611 2927 Malim
636 2880 696 2926 nihil
721 2880 759 2927 hic
789 2884 849 2924 rent.
882 2878 1012 2927 Ernestinae
1022 2878 1157 2939 conjecture
1168 2880 1305 2927 uiderentur

243 2948 344 2995 mutaris
364 2958 420 2995 nam
437 2944 505 3000 illud,
523 2950 593 3005 utque
609 2945 758 3002 eruebantur,
789 2942 892 3005 pratusit
905 2944 955 3003 Jam
968 2941 1087 2989 Heinsius.
1120 2942 1164 2990 Suo
1205 2944 1305 2991 Neronis

242 3012 312 3059 babet
323 3008 440 3073 quendam
451 3007 555 3066 ἔμφασιν,
567 3022 639 3069 quarn
653 3006 678 3053 in
693 3008 758 3055 nulla
789 3005 943 3054 omninohaec
954 3006 1128 3054 convenientior.
1180 3006 1307 3057 aulloante

242 3072 330 3132 esrum,
343 3088 400 3135 quaa
411 3070 544 3137 subjiciunt,
555 3071 654 3118 lectione
664 3071 759 3134 reperio.
789 3069 851 3117 Bud.
864 3072 1020 3132 impertiebat,
1033 3079 1059 3118 ut
1070 3070 1124 3117 edit.
1139 3082 1232 3118 veteres.

242 3139 296 3187 111ae
321 3150 423 3201 namque
446 3134 575 3198 significant
598 3134 676 3195 modo,
702 3136 759 3199 quid
822 3133 1304 3195 humescunjmsmrnunuonn
1359 3110 1362 3114 .
1405 3182 1415 3203 κ

243 3203 323 3265 fieret:
346 3198 391 3255 hoe
409 3199 479 3247 etiam
498 3214 594 3259 venum,
614 3199 759 3261 simulatum,
789 3198 880 3245 Puteol.
891 3199 948 3246 item
959 3198 996 3245 ed.
1010 3214 1045 3260 pr.
1056 3200 1162 3258 intentio,
1174 3199 1236 3247 unde
1251 3215 1306 3261 poe-

236 3268 346 3321 ,fucatum
367 3264 453 3323 fuisse,
469 3264 533 3326 quod
550 3263 627 3311 fiebat.
661 3264 760 3313 Perinde
789 3262 821 3311 sia
831 3263 942 3323 conjicere
952 3262 1118 3309 leniinitiovel
1129 3262 1210 3309 leniat
1218 3265 1305 3311 initio.-

234 3344 344 3395 ‚namque
365 3337 407 3389 est,
434 3327 500 3391 quusi
522 3327 624 3386 dixisset,
648 3334 671 3376 et
691 3332 759 3392 quest
789 3326 1121 3390 sedultimasyllcbcexeidit.
1150 3326 1305 3390 Intelligenda

241 3396 398 3457 errutnmnrr
411 3392 760 3468 etvolebatvideriseidagere,
790 3396 868 3438 tamen
884 3389 1016 3455 prepositio
1029 3392 1066 3450 u,
1078 3405 1150 3453 quam
1164 3389 1189 3438 in
1201 3391 1245 3440 hac
1259 3393 1306 3439 for·

242 3468 269 3507 ut
280 3458 348 3507 variae
364 3467 387 3507 et
401 3455 496 3503 divenae
512 3464 625 3505 sectarum
640 3457 759 3521 opiniones
789 3454 855 3502 mula
873 3454 978 3503 omittere
993 3462 1070 3503 noster
1083 3456 1149 3513 solet,
1169 3462 1196 3503 ut
1212 3456 1266 3504 infr.
1285 3472 1305 3505 e.

236 3516 430 3587 'cognoscerentur
441 3528 464 3573 et
474 3528 641 3569 excuterentur.
657 3522 721 3569 Nem
734 3520 759 3568 ri
781 3520 829 3567 '32
840 3519 969 3568 Beroaldus
976 3519 1067 3583 primus
1074 3519 1146 3567 edidit
1153 3521 1304 3582 contentione,

232 3576 278 3637 ‘Ut
286 3578 452 3637 'eminutus
467 3593 510 3642 est,
521 3592 548 3631 ut
563 3586 622 3633 bene
633 3584 759 3633 Salinerius
790 3591 817 3630 ut
826 3591 862 3631 eet
871 3583 896 3631 in
908 3582 987 3632 (iucif.
998 3584 1061 3648 quod
1071 3598 1152 3632 omnes
1161 3586 1233 3633 secuti
1242 3594 1304 3633 sunt.

232 3644 410 3701 'animadvertit
440 3650 533 3697 tirou.
566 3648 694 3701 Rhenanus
704 3664 759 3697 con-
790 3646 857 3695 Mox.
874 3656 929 3695 vett
954 3648 1006 3696 edd.
1047 3648 1212 3697 Lividineius:
1237 3649 1305 3697 male.

238 3717 331 3781 jiciebnt
343 3721 520 3777 quererenture
532 3712 595 3775 quod
604 3712 706 3767 maxime
714 3713 758 3760 mi·
788 3711 863 3769 (Bud.
874 3713 968 3759 libidini
977 3714 1047 3775 ejue)
1067 3713 1140 3760 Recte
1149 3712 1187 3759 bie
1194 3720 1217 3760 et
1227 3718 1253 3771 3,
1266 3714 1303 3759 II.

240 3780 266 3829 bi
276 3780 365 3845 placuit
375 3788 429 3827 ante
439 3777 571 3840 exiiequn
580 3776 635 3825 vidi.
651 3776 758 3847 Empha-
788 3775 864 3824 editur
881 3778 1015 3839 Livineius,
1034 3783 1060 3824 ut
1079 3792 1092 3824 e
1107 3774 1243 3839 cognomine
1260 3791 1303 3838 ap

164 3886 167 3891 .
229 3838 277 3903 {sin
299 3844 365 3893 iIIem
385 3842 558 3891 Gronovinnam
579 3840 619 3888 vix
641 3856 689 3891 usse
706 3857 757 3901 uor,
788 3848 861 3903 paret.
892 3841 964 3891 Rau.
1024 3890 1029 3896 ,

233 3925 284 3966 ,ηεο
292 3908 511 3973 utqueeruebantur
519 3914 553 3952 est
562 3910 585 3951 et
596 3906 671 3965 qunti.
713 3906 755 3955 SS.
821 3904 1134 3971 Retuli11dbrodeperditn.
1190 3957 1194 3961 Α

243 3970 305 4024 tior.
323 3968 443 4026 rueretur,
463 3968 526 4017 Bud.
546 3976 678 4017 merentur.
696 3970 756 4033 Agr.
820 3972 926 4017 Invicem
935 3971 1069 4033 incessente]
1080 3969 1305 4031 Qineenenter.

244 4040 343 4085 eruerit.
368 4034 446 4085 Guelf.
458 4042 527 4095 utque
537 4035 683 4081 eruebantur.
708 4034 755 4085 Ed·
788 4034 864 4082 Iura.
897 4034 959 4082 Mox
969 4033 1021 4092 edd.
1030 4048 1066 4095 pr.
1076 4032 1167 4083 Puteol.
1178 4039 1303 4095 ceterisque

237 4115 280 4165 ¹¹pr.
297 4104 391 4148 rueret.-
409 4095 449 4147 sed
467 4106 533 4161 puto,
551 4092 666 4161 virgulam
684 4113 758 4147 errore
788 4106 844 4146 vett.
855 4098 911 4147 MS.
922 4097 1011 4161 (Buri)
1022 4097 1101 4144 Guelf.
1118 4097 1233 4157 deportari
1247 4110 1303 4145 see

245 4178 365 4227 operarum
384 4179 413 4211 ex
432 4162 515 4209 ultima
533 4162 599 4209 litera
617 4162 641 4209 in
659 4162 758 4213 vicinam
789 4162 926 4225 spectaculo,
945 4171 969 4212 et
985 4161 1040 4209 MS.
1055 4160 1093 4208 m
1109 4158 1195 4218 (But.)
1214 4156 1250 4207 ed
1267 4174 1302 4222 pr.

246 4226 387 4275 nmmum.
421 4226 511 4274 Puteal.
539 4233 684 4273 eruerentur.
710 4226 759 4274 Be·
790 4232 832 4273 aut
849 4234 984 4288 parentum,
1007 4240 1054 4272 non
1074 4239 1109 4280 ae,
1128 4233 1156 4275 ut
1172 4232 1302 4287 sequentes.

157 4320 160 4325 ,
236 4282 318 4337 'ruald
337 4304 391 4337 eum
413 4306 462 4353 seq.
484 4290 591 4337 omnibus
612 4292 758 4341 seminetur.
781 4286 862 4337 'Eam

236 4349 323 4403 ¹Credo
346 4354 456 4403 'Peritum
480 4350 593 4416 scripsisse
620 4356 758 4431 riderentur.

294 4438 368 4482 VOL.
386 4438 421 4481 ll.
979 4440 983 4445 ⁸
1152 4439 1176 4481 Ὦ
