3042 4950
216 246 271 308 rto
534 316 536 323 ,
637 246 862 325 iuuenum
1103 250 1274 324 [naen.

214 409 255 475 tis
276 410 383 477 Caesar
399 418 604 495 exstruxerat,
627 408 786 477 volumina
806 407 943 510 inplere:
973 428 1046 490 enm
1065 432 1105 473 ex
1120 406 1273 495 dignitate

211 492 329 579 'Populi
357 492 492 557 Romani
516 508 672 583 repertum
697 496 736 561 sit
760 520 809 561 res
832 496 977 559 inlustres
1001 495 1175 571 annalibus,
1201 493 1273 557 talia

215 578 335 643 diurnis
349 577 435 643 urbis
449 580 524 643 actis
537 581 691 646 mandare.
739 582 887 645 Ceterum
901 580 1037 657 coloniae,
1053 580 1164 667 Capua
1177 592 1272 664 atque

213 663 359 741 Nuceria,
381 662 495 728 additis
515 666 677 745 veteraniS,
700 667 831 729 firmatae
852 676 943 729 sunt:
966 665 1129 751 plebeique
1149 664 1273 749 congia-

213 747 295 811 rium
309 747 515 835 quadringeni
530 751 651 815 nummi
664 750 782 815 viritim
796 750 872 828 dati,
887 762 920 813 et
933 750 1106 814 sestertium
1121 750 1272 835 quadrin-

252 833 330 897 nties
358 834 467 899 aerario
494 834 626 899 inlatum
654 848 711 915 est,
740 836 782 899 ad
809 835 1001 899 retinendam
1027 833 1138 919 populi
1165 833 1270 897 fidem.

211 856 352 1003 ileectigal
365 941 491 1005 quoque
508 919 627 1005 quintae
648 934 680 985 et
700 920 854 985 vicesimae
868 919 1024 983 venalium
1045 919 1271 1005 mancipiorum
1344 990 1348 999 Ι

132 1032 136 1039 ·
211 1002 384 1081 remissum,
403 1003 503 1090 specie
523 1004 632 1091 magis,
652 1028 747 1092 quam
761 1005 814 1077 vi;
837 1005 922 1090 quia,
943 1027 1017 1069 cum
1037 1002 1180 1069 venditor
1198 1026 1273 1089 pen-

212 1086 285 1151 dere
311 1088 486 1173 juberetur,
514 1089 547 1153 in
580 1103 700 1176 partem
729 1090 821 1177 pretii
853 1090 1045 1176 emptoribus
1072 1089 1271 1153 accrescebat.

213 1166 327 1235 Edixit
349 1172 466 1251 Caesar,
490 1180 511 1213 “
532 1198 572 1238 ne
594 1174 665 1261 quis
691 1176 898 1263 Magistratus
916 1187 972 1239 aut
995 1176 1194 1252 Procurator,
1215 1173 1272 1258 qui

212 1256 407 1343 provinciam,
417 1258 579 1337 obtineret,
598 1260 808 1346 spectaculum
826 1259 1034 1345 gladiatorum
1049 1274 1107 1323 aut
1122 1259 1270 1333 ferarum,

212 1350 268 1405 a'ut
282 1340 368 1435 qnod
382 1341 468 1407 alind
482 1343 639 1411 ludicrum
654 1344 787 1409 ederet.”
830 1346 914 1409 Nam
927 1356 1000 1408 ante
1015 1366 1079 1407 non
1098 1344 1202 1409 minus
1216 1342 1271 1407 tali

214 1512 286 1563 Ean.
319 1512 358 1563 De
374 1514 543 1578 amphitheatro
561 1532 584 1565 v.
606 1515 669 1566 Plin.
690 1518 728 1574 16,
761 1512 1284 1582 oenseo,am1tusco,qu0teurvis,li.'

213 1580 254 1626 40.
755 1582 879 1645 hortisque.
906 1533 975 1631 1lietu
991 1598 1042 1631 eum
1059 1582 1139 1645 paullo
1151 1581 1269 1628 uberiusa‘

245 1643 502 1707 Diurniruriisnetir]
511 1644 547 1691 of.
557 1644 586 1691 de
594 1643 631 1693 bis
639 1646 678 1704 16,
686 1647 725 1693 22.
756 1646 832 1708 capite
842 1646 901 1692 mibi
918 1648 1032 1705 muti,
1049 1656 1090 1693 aut
1099 1645 1173 1709 gam
1183 1652 1223 1691 aut
1232 1660 1272 1691 ve.

243 1708 400 1769 .Qnadrageni
421 1710 526 1771 nummi]
555 1708 677 1757 Illiberalis
697 1710 726 1756 li·
758 1710 798 1757 nia
813 1718 869 1759 esto.
908 1710 1107 1774 Antiquissimum
1125 1708 1222 1771 vectigal
1237 1709 1271 1755 vi-

214 1769 330 1818 beralitas.
362 1771 465 1833 corrigo,
478 1773 649 1833 quadringeni:
664 1773 727 1821 etdo
758 1772 1167 1837 oesimaerepaio,quaeadlibertos.
1201 1771 1272 1819 Insti-

213 1842 330 1881 anctorem
341 1834 406 1882 Suet.
418 1835 455 1881 10.
489 1837 584 1883 Divisis
591 1839 679 1898 populo
691 1840 727 1883 vi-
759 1845 838 1884 tntum
857 1853 878 1885 a.
903 1854 928 1885 n.
949 1839 1006 1893 397.
1048 1837 1076 1885 C.
1101 1837 1201 1893 Marcio,
1224 1837 1270 1883 Cn.

214 1900 284 1945 ritim
306 1899 473 1958 quadringenis
495 1902 607 1958 nummis,
630 1902 726 1948 Senato-
759 1900 853 1949 Manlia
861 1914 934 1949 coss.
961 1901 1075 1959 ΙιίιὶιιιΊ,
1087 1901 1124 1948 16.
1151 1902 1272 1950 Aiaitera

213 1977 268 2009 rum
294 1962 436 2008 nobilirrimo
457 1964 539 2023 ouiqsae
563 1971 606 2013 etc·
650 1964 726 2013 Iuro.
761 1966 861 2012 annun
872 1965 928 2027 (Cn.
939 1964 1043 2024 Manlio)
1055 1966 1117 2011 aiiii
1126 1966 1273 2010 cremabile

213 2024 296 2073 Altera
306 2040 398 2073 summa
409 2025 488 2073 decem
499 2026 620 2091 Philippos
636 2028 673 2076 vel
684 2028 727 2076 du·
754 2035 858 2089 genum,
870 2030 920 2075 nisi
934 2031 995 2090 qaod
1009 2030 1083 2089 legem
1097 2042 1156 2075 novo
1166 2030 1272 2089 exemplo

214 2089 482 2147 cotoneualteraunurn
493 2090 554 2138 iacit
578 2092 669 2140 (inor.
689 2092 728 2139 Sic
758 2094 913 2140 adSutrium
926 2096 953 2140 in
966 2094 1050 2139 eastris
1063 2092 1179 2150 tributim,
1193 2093 1221 2138 de
1236 2090 1272 2138 nr'ss

213 2153 512 2217 saturnaliorum.
525 2155 651 2204 Puteobet
700 2172 725 2219 q.
758 2159 844 2203 εειίηια
865 2171 955 2216 eorum,
977 2159 1019 2217 qui
1041 2157 1270 2210 manumitterentur,

213 2231 302 2276 omnes,
320 2216 495 2281 nisiquodfere
511 2221 690 2280 quadrigeniex
709 2220 728 2259 ’-
759 2222 824 2268 tulit.
856 2222 1018 2281 Patrer,quia
1034 2234 1061 2266 ea
1077 2221 1127 2280 lege
1142 2220 1271 2279 iandpor.

213 2282 277 2338 bent,
294 2298 323 2329 ex
340 2296 388 2345 quo
401 2281 463 2329 male
477 2280 563 2329 baum
576 2286 725 2345 quadrageni,
758 2300 815 2330 vum
826 2286 928 2345 remigat
937 2287 1001 2345 inopi
1017 2286 1103 2330 arado
1119 2284 1226 2329 additum
1237 2299 1272 2329 er-

213 2346 276 2455 qpod
298 2346 375 2399 estin
396 2344 460 2409 Lips.
501 2346 581 2393 Etiam
603 2362 639 2409 ap.
662 2348 726 2396 Suet.
758 2354 801 2406 ret,
828 2354 933 2394 oaetorer
951 2349 1062 2409 sanant.
1103 2346 1142 2393 Ea
1165 2346 1273 2395 vicesima

240 2424 270 2455 er.
290 2411 326 2457 10.
344 2409 369 2455 in
388 2408 468 2457 eadem
484 2424 509 2457 re
526 2411 559 2457 sic
575 2412 683 2471 variatur,
700 2418 727 2465 ut
758 2424 848 2474 semper
874 2411 957 2458 exhinc
984 2410 1092 2468 exucta,
1118 2409 1148 2457 ad
1169 2417 1274 2472 tempora

213 2475 353 2536 quadrigeni
361 2471 425 2521 sitin
442 2489 483 2522 scr.
498 2477 728 2538 proqnodringenir.
758 2475 894 2538 Principum
904 2475 1045 2523 inferiorum.
1083 2472 1223 2538 Itaquenon
1236 2474 1272 2520 iu-

212 2537 365 2586 V-Oudend.
393 2537 465 2586 Eure.
493 2538 556 2586 Bud.
567 2541 725 2601 quadrigenti.
757 2538 864 2602 frequens
885 2540 997 2588 memoria
1011 2539 1037 2585 in
1055 2538 1127 2585 libris.
1167 2538 1208 2586 Ab
1228 2537 1271 2586 bac

244 2603 384 2649 Sestertium
400 2603 601 2666 quadringenties]
620 2603 726 2652 Alciatus
758 2617 842 2650 aurum
864 2602 1033 2651 uicesimarium
1057 2601 1145 2658 derivo,
1164 2602 1228 2664 quod
1248 2603 1273 2648 in

211 2665 355 2728 subintelligi
371 2666 422 2714 vult
437 2674 531 2714 mnteno
542 2669 626 2714 miliia.
659 2667 726 2726 Qua·
758 2667 869 2716 smctiore
879 2668 973 2714 erario:
990 2667 1020 2713 de
1031 2681 1078 2728 quo
1089 2665 1172 2714 Livius
1180 2666 1221 2724 27,
1235 2667 1273 2714 lo.

211 2729 352 2793 dringenties
376 2737 472 2778 centena
492 2729 566 2778 millia
590 2745 725 2791 nummum,
760 2732 899 2778 Consulibus
914 2747 1000 2776 orreum
1011 2732 1195 2789 uicesimarium,
1211 2732 1272 2789 qaod

212 2809 304 2842 summa
322 2793 507 2857 quadringenties
526 2794 627 2842 sestertio
645 2796 726 2843 eadem
758 2796 785 2840 in
802 2796 917 2841 inaniore
935 2796 1021 2841 oerorio
1039 2795 1070 2840 od
1087 2795 1189 2840 ultimos¹
1204 2809 1271 2840 catur

212 2867 253 2906 est
286 2857 320 2905 Et
330 2866 407 2912 tamen
418 2874 492 2922 quum
503 2858 595 2917 dicitur,
613 2861 725 2920 quadrin.
756 2865 898 2914 servaretur,
915 2861 996 2920 promi
1010 2859 1111 2919 placuit.
1152 2857 1225 2904 Plura
1240 2857 1270 2904 ad

209 2923 301 2984 gentiee
324 2925 464 2976 uertentem,
490 2937 537 2970 non
564 2923 725 2986 intelliguntur
757 2921 802 2969 boc
813 2921 917 2984 vectigal,
933 2921 958 2969 in
969 2922 1077 2969 Excursn
1085 2921 1116 2969 C.
1134 2927 1157 2968 et
1173 2937 1226 2983 quae
1235 2921 1271 2968 'sd

212 2993 307 3033 cenmno
322 2987 407 3046 millia,
424 2985 465 3034 sed
479 2986 725 3035 tantummodocentc.
758 2985 868 3033 Tacitum
889 2985 987 3044 indunt,
1005 2985 1066 3032 vide.
1105 2984 1181 3032 lars.
1221 2984 1270 3032 Ubi

212 3066 278 3098 nam.
311 3049 374 3097 Nam
392 3050 416 3098 in
430 3052 546 3110 omnibus,
560 3067 613 3114 qua
627 3067 668 3115 per
684 3051 726 3098 ad·
756 3049 827 3096 etiam
846 3048 898 3098 vide
919 3066 934 3097 a
950 3049 1018 3097 nobis
1034 3057 1119 3096 notata.
1161 3045 1270 3096 Ceterum

212 3113 291 3162 verbia
301 3115 333 3162 sic
343 3115 500 3170 enuntiantur,
511 3116 724 3179 numerusquein
755 3113 878 3161 remissum
897 3121 931 3161 est
950 3113 995 3160 hoc
1013 3112 1110 3174 vectigal
1128 3112 1153 3158 in
1170 3111 1270 3174 gratiam

211 3177 328 3226 bitinitum
349 3177 428 3225 siletur
446 3178 630 3242 intelligiturque
650 3187 725 3227 cente·
755 3177 841 3226 civium
857 3177 927 3224 Rom.
944 3177 985 3240 qui
1001 3177 1048 3224 fere
1062 3184 1174 3224 emtores:
1190 3175 1270 3222 vendi-

210 3257 276 3290 nnm.
319 3241 468 3291 Vocabulum
490 3252 568 3290 autem
592 3246 725 3291 rencrtinrn
755 3242 931 3290 toresexterni=
949 3250 976 3288 ut
992 3242 1051 3289 beue
1065 3246 1145 3288 monet
1159 3237 1268 3286 Pichena.

211 3305 324 3369 significat
350 3306 442 3368 pondus
468 3307 533 3356 mille
556 3321 723 3364 nummorum
757 3305 829 3355 Eun,
1237 3342 1239 3346 .

211 3380 268 3434 quot
275 3371 360 3419 scilicet
367 3371 459 3418 nummi
465 3371 559 3419 sestertii
567 3371 592 3418 in
603 3380 724 3434 argentum
790 3372 838 3427 Qui
847 3371 1011 3433 provinciam]
1028 3369 1067 3418 Sic
1080 3367 1179 3416 correxit
1191 3367 1268 3414 Rben.

210 3435 340 3484 sestertium
349 3435 386 3483 vel
393 3434 476 3483 libram
487 3435 575 3498 argenti
586 3435 723 3495 sestertium,
755 3449 785 3482 ex
799 3434 900 3496 ingenio.
938 3437 1004 3482 Ante
1018 3441 1067 3480 erat
1082 3435 1109 3479 in
1123 3433 1269 3493 morineias,

209 3499 254 3547 lroc
264 3507 306 3560 est,
319 3499 532 3555 duasetselibraru‚
542 3500 724 3562 imputabantur.
756 3498 844 3558 vitiose,
857 3506 884 3544 ut
901 3498 926 3544 in
941 3497 1018 3546 Guelf.
1052 3497 1124 3543 Enu.
1158 3496 1189 3542 In
1205 3495 1272 3541 Bnd·

210 3563 287 3626 Igitur
314 3565 505 3626 quadringenties
531 3566 673 3622 sestertium,
701 3573 724 3612 et
755 3562 862 3609 matal.
880 3576 913 3608 m.
931 3563 957 3607 in
968 3561 1103 3622 provincia,
1120 3559 1204 3607 omisso
1218 3560 1266 3620 qui.

209 3627 399 3690 quadringenties
410 3635 503 3676 centeno
513 3630 627 3688 sestertio,
635 3636 657 3676 et
668 3643 724 3690 qua·
755 3626 794 3674 Sic
804 3633 827 3672 et
839 3624 932 3672 Puteal.

210 3693 356 3754 drirrgentier
379 3700 472 3739 centena
498 3694 576 3740 millia
600 3707 724 3740 nummum
793 3690 848 3736 Tali
867 3689 1006 3750 largitione]
1027 3688 1076 3736 Int.
1089 3686 1150 3734 ludis
1164 3685 1268 3743 edendis,

208 3757 350 3817 sertertium,
372 3755 442 3804 idem.
486 3757 556 3804 Errat
577 3770 623 3803 non
645 3755 724 3803 minus
755 3753 781 3800 iu
797 3752 881 3816 quibus
891 3751 994 3815 mannia
1003 3750 1106 3814 profusio
1121 3759 1145 3798 et
1159 3749 1267 3812 largiti03

208 3821 323 3877 Alcimus,
340 3835 394 3868 cum
411 3821 483 3868 decies
494 3822 549 3868 oerir
565 3819 610 3868 dici
626 3819 725 3868 breviter
756 3817 812 3880 quia
822 3824 912 3864 sumtus
922 3815 1085 3878 fitingratiam
1095 3813 1183 3878 populi.
1198 3815 1267 3860 Hanc

208 3900 251 3948 pro
262 3884 341 3933 decem
352 3883 456 3932 millibus
470 3885 520 3932 reris
533 3886 616 3947 probat
630 3899 660 3932 ex
674 3882 725 3930 loco
754 3881 828 3944 ipsam
845 3880 992 3943 largitionem
1002 3885 1068 3927 vocat
1077 3893 1134 3926 mox
1144 3878 1267 3929 ambitam,

210 3949 281 4006 Irivii,
298 3949 322 3996 in
337 3965 386 4013 qno
400 3964 454 3998 cum
471 3948 584 4006 scribitur,
602 3950 642 4009 qni
653 3961 725 4012 snpra
755 3945 780 3992 h.
792 3961 812 3993 e
823 3944 987 3992 benevolentiae
1002 3951 1025 3990 et
1040 3942 1120 4005 gratian
1133 3940 1268 4003 ancupatio-
1313 3955 1321 3960 ·

210 4015 279 4064 CCC
297 4015 374 4060 miliia
392 4028 462 4075 nsque
480 4015 511 4059 ad
525 4014 599 4059 decies
614 4013 678 4070 aris,
695 4026 726 4058 ex
755 4025 818 4067 nem,
838 4024 879 4070 per
900 4024 972 4072 quam
993 4015 1171 4068 consequuntur,
1191 4013 1218 4052 nt
1237 4006 1267 4051 ab

206 4079 313 4142 proximo
324 4077 517 4132 subaudiendum,
529 4075 592 4140 quod
600 4074 670 4134 deest,
679 4088 721 4122 ne·
754 4073 897 4122 accusatione
907 4074 952 4120 tuti
962 4072 1016 4119 sint.
1047 4071 1093 4117 Per
1103 4070 1222 4117 libidinem
1230 4068 1267 4114 in·

205 4157 245 4190 mo
255 4158 302 4190 non
313 4141 384 4191 videt.
416 4141 478 4191 Vide
489 4139 616 4189 Pecuniam
627 4141 681 4188 Vet.
693 4141 717 4198 2,
751 4139 829 4200 tellige
844 4152 892 4184 non
907 4137 977 4184 modo
992 4137 1106 4184 Venerem
1123 4134 1265 4194 improbam,

206 4209 230 4255 ὅ.
264 4208 356 4256 (inor.
704 4259 707 4266 ,
751 4201 872 4250 sedetiam
882 4195 1267 4265 iitjusnuam,saevitiam,nuxime

217 4268 717 4334 ·Vectigoiqnoqnequintaeetuicerimae]
752 4265 878 4316 aventium·
913 4261 984 4314 Eun.
1163 4281 1166 4284 ’

205 4334 296 4398 Ampla
304 4331 718 4400 Populian.vectigalia:nullum‚
