3042 4950
224 264 256 306 s.
271 263 297 304 c.
313 250 385 323 ii.]·
617 249 695 308 LIP.
715 251 770 309 xt.
792 251 882 308 CAP.
908 257 953 312 13.
1252 248 1289 303 ii

219 411 355 476 carmina
365 433 463 474 scenos
470 409 579 492 dabat)
591 417 611 450 “
619 411 716 512 inque
722 412 853 477 feminus
858 412 1013 490 inlustres,
1022 408 1289 499 prnbrsjecerut.”

222 497 269 560 Et
278 495 346 581 lege
356 495 420 558 lats
434 495 582 560 saevitiam
592 497 783 562 creditorum
797 497 943 575 ooemuit',
959 504 981 536 ‘⁴
994 516 1034 560 ne
1043 497 1076 560 in
1090 512 1221 561 mortem
1233 516 1288 581 pa·

210 597 345 644 rentum
359 579 505 665 pecunias
519 581 793 648 filiisfamilisrum
806 581 919 646 foenori
931 582 1069 646 darent.''
1106 582 1286 665 Fontesque

218 685 385 751 aquarum,
405 664 446 729 ab
466 666 652 732 Simbruinis
666 667 797 733 collibus
809 667 971 746 deductos,
986 665 1057 732 urbi
1070 664 1188 730 intulit.
1232 671 1283 729 Ac

217 933 344 998 nupsisset
364 933 492 984 custodum
517 933 589 997 hujus
611 935 735 1001 Pomponii
763 935 892 1000 iustiorque
915 935 1042 996 anirum,
1063 948 1135 998 quam
1162 924 1283 996 epistolam

218 999 282 1062 spud
302 999 404 1058 fratrem,
426 1000 505 1048 additi
533 1001 569 1048 At
588 1001 734 1062 Pomponius
764 999 915 1049 Corisnlmem
925 1009 1017 1048 tantum
1031 999 1123 1057 mnbst,
1134 999 1201 1059 eujus
1214 996 1284 1045 eden

218 1064 293 1110 muita
306 1077 399 1110 morum
415 1065 540 1124 elegantia,
554 1071 577 1112 et
594 1067 689 1126 ingenio
703 1067 733 1112 il·
763 1063 800 1111 dar
809 1080 875 1128 apem
887 1067 916 1113 ab
927 1081 954 1112 eo
964 1063 1013 1112 fleri
1024 1061 1178 1112 viden-Sed
1187 1060 1217 1108 de
1228 1060 1281 1108 Hu-

216 1128 295 1186 lustri,
318 1129 375 1175 dum
393 1129 522 1190 somonam
539 1143 619 1188 aequus
640 1129 731 1188 tolerat,
762 1128 892 1190 gmbuchio
910 1128 1037 1175 irrimvota
1051 1128 1124 1174 fuere.
1156 1125 1203 1174 eui
1218 1139 1281 1172 nunc

220 1192 315 1239 Tiberio
331 1198 443 1252 superstes
452 1192 514 1252 suit.
546 1193 581 1239 Et
596 1194 691 1240 suntab
705 1207 733 1240 eo
761 1192 903 1253 provinciam
919 1192 978 1239 hano
988 1191 1071 1239 deferri
1086 1190 1216 1252 cupiamus,
1233 1204 1281 1238 naa

215 1263 318 1318 tempore
328 1253 358 1301 sd
368 1254 525 1302 liberationem
536 1271 549 1303 e
559 1255 662 1303 custodia
677 1256 733 1304 suni
762 1255 897 1319 reperimus
914 1255 987 1302 Eun.

213 1327 312 1381 septem.
345 1318 414 1372 Hanc
435 1319 536 1366 nominis
557 1318 622 1366 litem
646 1319 731 1368 dabam
794 1321 859 1380 Lege
868 1321 929 1383 lata]
959 1319 1056 1369 Tirones
1066 1325 1170 1376 micant,
1184 1330 1215 1364 ne
1230 1317 1280 1365 hoec

215 1382 343 1430 seeundum
354 1381 455 1430 Dionem
467 1383 565 1446 (quippe
580 1383 668 1446 integre
678 1398 732 1445 per·
761 1383 864 1446 eprisoo
880 1399 944 1431 more
958 1381 1094 1444 intelligant,
1110 1380 1221 1429 velutad
1237 1395 1280 1444 po-

215 1445 326 1509 scriptum
337 1445 399 1510 apud
413 1461 467 1494 eum
482 1461 613 1510 praenomen
629 1448 674 1508 est)
687 1447 732 1494 nisi
760 1448 845 1510 pulum
861 1447 892 1494 da
907 1462 934 1495 eo
953 1447 1050 1494 relatum
1067 1445 1144 1493 fuerit.
1175 1444 1280 1492 comitis

203 1510 385 1559 'submonuisset
399 1510 494 1558 Tacitus
504 1510 598 1558 fiunem
608 1521 682 1574 poetsr
692 1511 730 1558 fu·
760 1511 842 1584 populi
862 1520 914 1560 tum
933 1511 1005 1559 nulh.
1038 1509 1279 1557 Senatus-considium

214 1577 258 1622 isse
268 1574 406 1633 Quinetum,
423 1575 449 1633 6,
464 1575 501 1621 ts.
534 1576 626 1623 Sanciae
636 1591 697 1636 aquo
707 1583 730 1623 et
758 1576 936 1639 intelligendum
951 1583 993 1622 est.
1019 1574 1057 1622 Sic
1068 1589 1106 1635 sp.
1115 1574 1180 1620 Suet.
1192 1571 1278 1622 Claud.

215 1641 269 1700 igni
279 1639 438 1696 iraterdiotum,
453 1645 574 1687 accusante
588 1640 617 1695 Q.
629 1641 730 1700 Pompo-
759 1653 780 1686 c.
791 1641 831 1686 23.
845 1639 928 1687 dieitur
938 1641 1058 1699 obrogasse
1066 1637 1115 1699 tegi
1125 1635 1205 1700 Pupius
1216 1637 1280 1700 Pop·

215 1706 262 1751 nio.
295 1704 331 1761 Is,
350 1704 453 1749 moribus
470 1705 568 1764 inquies,
583 1703 633 1750 boe
646 1710 670 1750 st
684 1705 729 1750 bu.
758 1718 831 1765 preses
852 1703 877 1750 id
895 1703 982 1751 fuctum
1000 1702 1071 1751 scu.
1103 1700 1212 1749 Ueterum
1228 1703 1278 1749 lota

208 1767 316 1830 jusmodi
327 1781 342 1812 a
353 1781 376 1812 se
388 1768 502 1828 factitari
514 1768 680 1828 protendebat,
693 1774 728 1826 ut,
759 1780 805 1813 non
816 1777 899 1831 aptum
909 1767 1013 1814 videatur
1021 1781 1069 1813 esse
1079 1764 1116 1811 his
1126 1765 1277 1825 temporibus,

211 1837 283 1892 perte
293 1831 357 1891 opud
367 1832 505 1892 Principem
513 1833 605 1892 gretia,
614 1833 730 1892 perieulis
758 1831 845 1893 quibus
860 1831 923 1894 leges
933 1832 1010 1896 fiunt.
1022 1831 1110 1876 untur
1121 1837 1163 1876 etr.
1175 1828 1216 1883 sed
1230 1842 1278 1876 non

213 1896 341 1956 Pomponii
360 1895 461 1942 Secundi
478 1895 571 1958 fratris
592 1897 729 1942 morderetur.
751 1896 877 1956 Jiruntur.
903 1894 1037 1943 Sufficiebat
1047 1895 1282 1953 ugssoevunms.

214 1958 298 2021 Inque
308 1957 367 2006 nihii
381 1959 502 2006 constituo.
535 1959 669 2006 Estsutem
685 1958 730 2018 hic,
759 1961 842 2006 mouit.
875 1959 921 2006 Sed
935 1967 1013 2006 tumen
1030 1967 1054 2004 et
1069 1956 1103 2004 Η.
1114 1956 1139 2015 4,
1150 1957 1190 2010 47.
1201 1955 1277 2020 legem

212 2037 260 2070 non
267 2021 432 2068 Atellanarum
442 2023 544 2084 scriptor,
557 2026 567 2074 (
585 2023 609 2068 ui
619 2023 649 2069 1.
658 2022 730 2069 Pom·
760 2022 839 2070 tulisse
849 2021 999 2069 Domitianus
1012 2020 1104 2073 dieitur.
1116 2034 1169 2066 cum
1184 2019 1277 2068 rdutio-

212 2085 296 2149 panius
306 2085 459 2132 Bononiensis
469 2085 550 2138 dctus,
563 2037 675 2143 diseunt,
687 2085 730 2132 Se·
759 2097 814 2131 nem
831 2085 860 2133 de
878 2085 929 2148 lege
941 2082 1098 2132 smeienduin
1113 2082 1200 2131 Scintu
1214 2083 1275 2132 teus.

211 2163 291 2207 neem,-
302 2147 431 2206 Macrobio,
450 2147 537 2206 Nonio,
554 2148 631 2207 Festo,
648 2147 730 2196 isum-
759 2147 832 2196 Eun.

213 2215 261 2270 tus)
290 2211 330 2259 sed
357 2211 526 2273 tragediarum.
564 2211 665 2270 Quirinii.
689 2213 728 2272 10,
791 2215 915 2260 Soeuitiam
928 2214 1083 2278 mediorum]
1110 2211 1276 2276 Exquisitesic

213 2279 237 2334 1,
256 2277 299 2325 bb.
330 2278 430 2330 Eorum,
453 2289 509 2337 quos
531 2277 640 2335 uiderim,
660 2277 728 2338 longe
757 2285 823 2324 vocat
839 2277 959 2324 evantium
975 2287 997 2326 et
1013 2277 1072 2339 inpii
1090 2276 1209 2324 sordidum
1226 2284 1277 2324 stu·

207 2343 320 2404 princeps
342 2340 486 2400 Pomponius
513 2341 639 2398 Serendae,
661 2354 729 2400 quem
757 2337 1276 2404 dium‚quamesanrotuumvossnt,unue

210 2420 275 2452 senes
292 2420 383 2466 porum
402 2407 522 2465 tragicum
535 2405 658 2465 putabant,
674 2419 729 2451 eru·
757 2406 901 2451 acerbissimi
913 2407 1070 2467 feneratores
1085 2405 1133 2452 Cic.
1145 2403 1176 2451 sd
1186 2404 1238 2451 Ass
1251 2405 1274 2460 6,

211 2470 299 2517 ditione
309 2484 337 2516 ae
347 2471 423 2516 nitore
429 2476 545 2531 prestere
556 2469 728 2531 confitebantur.
760 2466 781 2513 l.
813 2469 894 2517 Simile
913 2478 956 2530 est,
975 2469 1039 2533 quod
1059 2477 1167 2517 munus
1189 2485 1274 2516 usuras

198 2532 304 2581 'Plinius
323 2533 389 2597 epist.
411 2533 436 2589 7,
460 2533 497 2588 17.
521 2535 664 2595 Pomponius
686 2535 728 2581 Se·
756 2530 844 2581 dieunt.
877 2533 987 2582 (interm
1004 2536 1074 2581 verbu
1092 2535 1275 2594 lege-eoereuit

210 2599 306 2656 cundus,
324 2600 425 2659 scriptor
441 2598 629 2657 tragaediarum
649 2598 728 2658 siquid
757 2596 959 2645 excidereinMS.
970 2597 1049 2645 Guelf.
1065 2598 1138 2644 Emi.

202 2662 270 2723 sorte
280 2662 432 2725 familiosior
449 2664 540 2709 amicus
556 2662 652 2716 tolleret,
669 2662 726 2709 dum
787 2662 978 2710 Neinmortem
993 2662 1133 2725 parentum]
1160 2659 1222 2720 Qum
1231 2661 1275 2709 eir-

209 2728 257 2787 ipse
268 2727 416 2773 retinendum
426 2727 593 2785 arbitraretur,
605 2726 681 2772 dicere
691 2740 727 2771 so·
754 2725 902 2788 cumscriptio
917 2725 1046 2785 juventutis
1062 2726 1113 2785 jam
1131 2732 1185 2772 ante
1204 2726 1275 2773 vetite

207 2790 275 2847 tebet,
291 2789 333 2837 Aa
349 2791 464 2851 populum
480 2804 585 2851 prouoco.
618 2788 666 2837 Hic
683 2799 726 2849 est,
754 2788 923 2851 Laetorislege.
958 2788 1004 2836 Sed
1014 2788 1175 2851 poullosliter.
1209 2788 1275 2837 Num

208 2868 279 2915 quem
290 2854 349 2901 nnn
361 2853 453 2901 Plinius
469 2854 526 2900 alter
536 2853 598 2911 fecit,
615 2861 642 2900 ut
653 2852 726 2901 vitam
753 2851 856 2900 Letoria
865 2854 904 2901 lex
915 2852 996 2900 saltem
1007 2861 1097 2900 mverst
1106 2852 1144 2910 iis,
1156 2852 1197 2916 qui
1212 2854 1274 2901 intra

208 2918 259 2977 ejus
270 2918 357 2965 miserit
367 2917 392 2965 in
402 2918 493 2982 scripto.
503 2918 541 2975 lt,
551 2918 574 2965 6.
592 2918 677 2964 Nobili
685 2932 726 2965 en·
753 2918 786 2963 tib
797 2913 884 2973 annosi
896 2916 953 2964 aiios
963 2916 1056 2979 insuper
1062 2916 1188 2968 habuerant
1201 2916 1273 2964 Clun-

207 2983 282 3043 emplo
292 2983 420 3042 docuimus,
433 2983 556 3044 referentes
569 2984 644 3028 uitam
654 2983 726 3029 Pom·
754 2979 807 3028 dina
818 2981 922 3029 universe
929 2980 1048 3027 constitnit
1055 2979 1085 3027 de
1094 2979 1203 3027 omnibus
1208 2980 1274 3028 tiliis·

203 3048 274 3106 ponii
294 3047 396 3094 Secundi
415 3048 485 3100 satu,
503 3059 637 3106 cenamque
654 3060 725 3106 quom
753 3042 905 3104 familiarum,
922 3044 992 3092 etism
1011 3058 1081 3107 supra
1096 3042 1226 3105 legitimam
1242 3060 1273 3092 au

210 3109 323 3171 Principi
337 3111 407 3157 dedit.
439 3109 473 3157 Et
490 3110 529 3165 13,
546 3109 587 3156 26.
618 3111 726 3156 ltosunt
754 3115 834 3155 tatem.
867 3108 1048 3157 Laetoriuetium
1065 3106 1217 3166 tenimenta
1232 3117 1275 3155 sut

207 3174 336 3235 longinqua
353 3173 509 3221 monumento'
520 3174 610 3221 Tiberii
628 3174 725 3235 Coiique
754 3172 858 3234 pet-imita
868 3173 934 3221 nuile
947 3172 1072 3231 mentions,
1089 3170 1224 3234 simpliciter
1234 3186 1275 3219 ve·

209 3239 371 3285 Gracchorum
393 3252 485 3291 manus,
504 3253 554 3298 quse
573 3238 637 3299 apud
651 3239 726 3285 Pom·
754 3238 827 3294 tubat,
848 3239 964 3285 minorem
992 3238 1183 3297 vigintiquinque
1204 3237 1274 3283 annis

201 3302 302 3362 ponium
313 3302 447 3349 Seortndum
459 3306 535 3348 notun
546 3303 663 3361 ciuemque
676 3302 723 3347 ola·
754 3302 874 3362 stipulari,
884 3300 910 3347 id
919 3308 954 3348 eat
962 3302 1126 3360 inspuririau,
1134 3300 1168 3347 ait
1176 3299 1285 3362 Priscin-¹

206 3366 328 3413 rissimum
340 3366 390 3412 uidi
400 3380 473 3412 annos
482 3363 538 3427 fers
544 3366 725 3425 postducmtos.
754 3378 807 3423 nus,
823 3364 871 3413 aire
887 3363 1007 3427 stiptdunti
1022 3362 1164 3426 respondere.
1197 3362 1274 3411 Deus

205 3428 281 3476 Irrue.
315 3429 353 3477 De
364 3428 492 3477 Consulatu
504 3426 723 3491 Pomponiiprimo,
754 3440 801 3474 non
819 3427 890 3477 dubie
908 3428 1007 3475 Plautus
1025 3427 1095 3475 sensit
1106 3423 1192 3475 Pseud.
1209 3426 1232 3486 1,
1246 3428 1272 3482 b,

205 3492 312 3539 nondum
336 3492 394 3539 mihi
418 3508 454 3540 res
477 3492 573 3557 liquida.
607 3492 637 3541 In
658 3491 724 3539 fastis
754 3492 794 3539 68.
821 3494 910 3541 Perii!
927 3506 1014 3540 annon
1028 3498 1080 3538 tum
1096 3492 1181 3539 mehr
1191 3492 1273 3553 perdit

204 3556 477 3619 quidemGosssuffeeti
493 3556 724 3603 traduntureoanno
753 3558 837 3617 quinta
861 3556 1000 3603 massario?
1037 3557 1155 3603 Metuunt
1180 3556 1274 3602 credere

207 3622 236 3678 Q.
246 3622 392 3681 Pomponius
408 3627 431 3669 et
448 3622 593 3681 Sanquinius
609 3622 638 3667 sb
655 3619 724 3668 Onu·
747 3622 839 3668 'omnen
871 3620 904 3668 Et
920 3619 985 3667 Rud.
1000 3622 1025 3677 5,
1044 3621 1070 3679 3,
1089 3620 1130 3665 25.
1167 3620 1206 3666 Ni
1222 3620 1273 3667 dolo

203 3684 258 3743 frio,
275 3684 315 3733 sed
331 3684 550 3745 nullourgumento.
584 3684 615 3731 In
630 3682 723 3731 eant.
753 3685 814 3731 man
830 3686 983 3747 instiprdatus
996 3686 1056 3730 sies:
1073 3684 1128 3731 niue
1143 3684 1273 3731 etiamdum

204 3748 427 3797 ineloveeniunorum
436 3748 559 3795 Fastorum
569 3763 611 3809 pro
621 3747 723 3795 metimu-
752 3751 811 3795 siem
831 3750 940 3810 Quinque
957 3756 981 3795 et
996 3749 1087 3808 uiginti
1105 3754 1175 3795 natus
1190 3762 1271 3794 annos.

204 3811 722 3875 niolsudsturinscr.ap.(irut.p.1087.n.
751 3812 865 3873 Asperius
886 3810 992 3860 eumdem
1014 3810 1108 3860 Claudii
1129 3812 1205 3874 legem
1225 3820 1272 3858 ret-

204 3876 221 3921 l.
253 3877 301 3925 Sed
320 3876 353 3924 ibi
367 3877 398 3924 A.
411 3878 525 3925 Plautius
543 3884 566 3923 et
583 3876 614 3922 L.
627 3876 723 3922 Nouius
751 3876 807 3923 tulit
820 3876 977 3939 Vespasianus
998 3876 1063 3923 Suet.
1078 3890 1098 3922 e.
1119 3875 1156 3923 11.
1173 3890 1202 3922 ne
1214 3876 1273 3937 fiti-

192 3940 311 3999 ¹sitiuntur,
332 3956 390 4003 quos
414 3940 520 3987 suffectos
541 3954 568 3987 eo
589 3954 650 3987 anno
667 3938 724 3987 fucit
752 3942 938 4002 omem-fiamiiios
958 3940 1141 4003 feneratoribus
1161 3940 1272 3998 erigendi

202 4005 271 4050 etiarn
280 4004 425 4052 Muratorins
435 4005 460 4051 in
470 4004 540 4051 Thes.
549 4004 622 4051 Inscr.
631 4020 657 4066 p.
666 4005 722 4051 302.
750 4005 880 4067 ereditijus
888 4018 1000 4064 umquam
1007 4010 1071 4062 esset,
1080 4008 1272 4063 nepostpotrum

203 4068 248 4114 Sed
259 4076 308 4115 totu
316 4067 525 4121 illaiabsenvitiis
537 4068 721 4131 plenissuonr-
753 4069 846 4128 quidem
863 4074 969 4115 mortem.
1002 4066 1062 4115 Setis
1081 4065 1156 4112 mults
1169 4064 1226 4112 icti
1240 4064 1271 4111 ad

203 4130 722 4243 itioniriis.o.iiii.iioi
754 4129 1114 4243 iitiffimiiifflii
1124 4127 1272 4237 11.ῗῶ

203 4259 352 4319 gerbasius,
364 4259 423 4306 hsno
434 4229 514 4307 cursui
528 4259 553 4305 iu
564 4273 588 4306 se
605 4258 723 4322 suseipist,
794 4260 833 4306 Ab
849 4229 995 4307 Simbruinis
1009 4254 1127 4317 nunus}
1144 4253 1208 4301 Vett.
1224 4257 1271 4307 Sui

201 4329 226 4375 tt
236 4321 454 4373 numerositates
465 4322 587 4374 eonstituut
602 4322 678 4389 potius
692 4322 721 4371 il-
746 4325 886 4372 imbruinis.
905 4323 978 4388 nego,
989 4321 1031 4369 sub
1042 4319 1182 4366 inebrioinis.
1202 4318 1271 4368 Pras.
