3042 4950
235 274 306 316 mc.
323 258 400 337 62]
602 259 680 320 LIB.
703 260 783 319 x1v·.
806 258 897 319 CAP·
918 264 966 321 38.
1242 260 1297 318 231

231 404 335 485 eriam<
339 423 485 518 jumenta
505 441 669 509 corporum
683 422 846 486 cumulum
860 433 1021 487 auxerant.
1066 420 1159 485 Clara
1173 430 1205 508 et
1217 420 1296 483 anti-

232 506 304 591 quis
316 506 451 570 victoriis
470 528 528 591 par
546 528 582 570 ea
601 506 652 571 die'
672 506 741 571 laus
781 520 864 570 arta:
888 506 1005 595 quippe
1020 518 1103 582 sunt,
1119 506 1174 591 qui
1182 499 1294 591 ’paullo

231 590 335 654 minus
349 612 444 676 quam
463 590 620 677 octoginta
638 592 734 656 millia
801 591 978 656 itannorum
997 590 1144 675 cecidisse
1156 589 1291 669 tradant,

230 674 364 737 militum
384 674 619 762 quadringentis
639 678 737 742 ferme
760 676 940 754 interfectis,
961 696 1018 739 nec
1040 672 1141 739 multo
1160 670 1293 758 amplius

230 758 416 823 vulneratis?
422 771 425 775 ⁴
468 762 623 827 B'oadicea
651 763 749 826 vitam
776 774 912 826 veneno*
925 761 1034 825 finivit.
1092 761 1139 823 Et
1165 758 1294 823 Poenius

230 845 410 925 Postumus,
443 848 616 912 Praefectus
643 860 816 912 castrorum
847 846 989 911 secundae
1018 842 1158 931 legionis,
1187 840 1290 991 cogni

229 927 273 991 tis
297 932 640 1015 quartadecimanorum
667 932 986 1017 vicesimanorumque
1004 946 1079 1017 pros
1118 928 1162 991 ris
1189 948 1232 1016 re
1245 950 1293 1007 us,

230 1014 306 1098 quia
327 1016 396 1101 pari
417 1016 525 1103 gloria'
539 1016 692 1102 legionem
717 1040 805 1081 suam
833 1016 1042 1096 fraudaverat,
1068 952 1293 1101 abhueratque}

229 1111 339 1195 contra
362 1101 458 1165 ritum
475 1100 611 1181 militiae,
629 1104 729 1193 jussa,
742 1101 853 1179 Ducis,
878 1124 910 1165 se
932 1096 1039 1187 ipsum*
1063 1098 1169 1185 gladio
1195 1110 1294 1162 trans:

231 1206 250 1245 e
283 1198 306 1248 t.
584 1212 590 1221 ·
779 1202 782 1211 ’

249 1203 484 1335 3ξὶζΧΧΣῙΙΙΙ.
492 1269 679 1333 Contractus
692 1268 805 1333 deinde
816 1268 916 1333 omnis
930 1266 1082 1332 exercitus
1093 1270 1152 1355 sub
1160 1266 1294 1354 pellibus

230 1352 356 1417 habitus
375 1364 432 1429 est,
455 1354 496 1417 ad
514 1354 641 1441 reliqua·
650 1353 725 1418 belli
838 1352 958 1417 tranda.
1004 1350 1171 1439 Auxitque
1191 1351 1294 1441 cupiat

231 1440 347 1516 Caesar,
373 1438 473 1502 missia
499 1463 517 1502 e
542 1439 712 1504 Germania
733 1378 799 1503 ‹liio'
821 1458 859 1503 us
883 1436 1122 1523 legionariorum
1144 1430 1297 1517 millibus,

230 1535 302 1586 octo
315 1520 513 1587 auxiliarium
528 1524 718 1602 cohortibus,
739 1548 776 1587 ac
794 1520 878 1587 mille
894 1522 1068 1609 equitibus:
1091 1537 1224 1607 quorum
1240 1520 1296 1583 ad*-

229 1621 326 1672 ventu
339 1609 454 1672 uortaui
467 1607 635 1695 legionario
649 1607 746 1673 milite
760 1606 895 1695 suppleti
911 1620 1003 1681 sunt3
1021 1606 1162 1687 cohortes
1172 1604 1292 1690 alaeque'

229 1693 318 1756 novis
332 1694 538 1758 hibernaculis
557 1694 675 1771 locatae,
696 1694 846 1780 quodque
865 1691 1026 1755 nationum
1040 1691 1113 1754 amb
1128 1709 1225 1753 tuum
1239 1702 1295 1753 aut

229 1776 396 1840 adversum
410 1778 524 1856 fuerat,
543 1778 610 1863 igni
624 1790 719 1863 atque
732 1778 817 1841 ferro
830 1788 977 1841 vastatur.
1025 1772 1087 1839 Sed
1156 1775 1162 1787 '
1184 1774 1304 1860 'aeque,'

151 1875 156 1883 '
227 1884 325 1945 quam
338 1862 449 1939 fames,-
462 1862 631 1948 adfligebat
643 1862 780 1926 serendis
799 1860 946 1947 frugdbus
965 1858 1145 1936 incuriosos,
1165 1858 1295 1941 etomni

230 1959 323 2009 aetate
333 1946 375 2010 ad
384 1940 502 2010 bellum
516 1970 614 2024 versa,
626 1947 708 2010 dum
721 1961 844 2011 nostros
853 1952 1047 2010 commeatus
1053 1944 1111 2008 sibi
1121 1944 1295 2009 destinant:

227 2045 400 2129 gentesque
411 2030 594 2117 praeferoces
606 2030 726 2095 tardius
738 2031 779 2095 a'd
794 2054 902 2119 pacem
911 2030 1080 2103 inclinatum
1101 2029 1180 2129 quia
1188 2032 1212 2092 J
1213 2026 1297 2093 ulins

230 2115 456 2193 Clasncanus,
471 2129 626 2181 successor
640 2116 720 2182 Cato
733 2116 856 2195 missus,
878 2132 910 2179 et
925 2114 1073 2179 Suetonio
1091 2114 1218 2191 discors,
1227 2167 1230 2174 .
1240 2113 1303 2177 bot·

228 2222 306 2262 num
320 2200 483 2286 publicum
519 2201 625 2264 rivatis
645 2201 856 2264 simultatibus
877 2198 1073 2287 inpediebat:
1097 2198 1296 2285 disperserat·
1351 2264 1352 2271 χ

229 2306 303 2370 que,
319 2292 474 2348 “novum
488 2224 647 2438 liefiatum
661 2284 887 2371 opperiendum
908 2306 987 2349 essa:
1009 2284 1072 2349 sine
1086 2282 1191 2363 hostili
1205 2283 1252 2347 ira
1265 2294 1298 2347 et

230 2369 377 2518 supgrhia
390 2369 513 2434 victoris
562 2384 698 2435 ementer
717 2369 831 2435 deditis
851 2368 1095 2434 consulturum.”
1139 2367 1240 2431 Simul
1263 2367 1297 2443 in

128 2481 131 2488 ·
230 2478 269 2518 ur
309 2478 340 2518 m
355 2448 534 2534 mandabat,
558 2464 580 2494 “
601 2455 724 2521 nullum
742 2454 854 2542 proelio
876 2456 969 2526 finem
991 2464 1215 2540 exspectarent,
1236 2451 1302 2521 nisi¹

231 2539 447 2604 succederetur
472 2542 623 2604 Suetonio
639 2543 667 2604 :''
703 2545 796 2626 cujus
831 2540 961 2604 adversa
996 2538 1143 2625 pravitati
1176 2537 1294 2623 ipsius;

228 2646 376 2711 prospera
385 2624 431 2689 ad
443 2625 604 2689 fortunam
619 2625 816 2712 Reipublicae
831 2625 994 2688 referebat.

264 2823 344 2868 Vitem
363 2835 448 2868 veneno
458 2821 559 2886 flattu}
579 2819 628 2868 Dio
646 2821 687 2880 62,
707 2822 744 2868 12.
776 2820 848 2867 etiam
856 2817 1148 2882 antiquioreqsadrarom
1162 2815 1295 2866 adsuetoni

227 2887 325 2932 morbo:
343 2885 500 2942 ἀποθανούσης,
517 2884 557 2944 ait,
579 2886 599 2930 it
614 2885 685 2940 τούτῳ
704 2888 747 2936 τῆς
779 2883 855 2946 Calig.
868 2885 907 2932 25.
941 2883 1013 2930 ERN.
1046 2884 1079 2929 In
1090 2883 1167 2928 urbem
1177 2880 1296 2928 Rhea-'ex

228 2947 423 3005 Βουδουίκηςνόσῳ.
451 2948 526 2995 Inna
550 2947 745 3009 smnmmnor,
779 2947 878 3010 ingenio.
1227 2957 1229 2962 ’

227 3009 353 3073 hgmdum
363 3013 433 3068 edem
466 3012 537 3059 Eun.
812 3009 1216 3074 Nullampraela‘ofloem1'nutfw5.
1233 3006 1295 3070 lege-

261 3078 362 3123 Penius
373 3074 748 3139 Poetomue1Reinaaioplnccbat
779 3090 837 3134 rem,
847 3076 902 3122 bello
911 3092 919 3132 ,·
931 3083 973 3122 aut
983 3083 1049 3127 certe,
1057 3075 1204 3135 praeliorum.
1222 3071 1296 3118 Inna.

231 3141 340 3186 Hecatae.
373 3140 408 3186 lit
423 3141 557 3187 astHoentn
573 3139 662 3186 familia
677 3140 747 3198 clara,
781 3140 867 3187 Probat
878 3139 999 3186 Gruterus.
1029 3137 1107 3186 Possis
1117 3136 1294 3197 etiamproeltia.

228 3217 260 3249 cx
275 3219 324 3266 qua
337 3203 426 3251 Consul
442 3219 464 3251 a.
480 3219 505 3250 u.
526 3205 582 3253 894.
598 3201 629 3249 Τ.
649 3201 748 3251 Hoenius
779 3204 861 3278 Atque
875 3203 946 3251 etiam
964 3204 1034 3251 verba
1048 3203 1134 3249 bellum
1149 3208 1173 3247 et
1183 3197 1296 3262 prelium

229 3267 335 3314 Severus.
366 3267 452 3314 Sedet
468 3267 542 3314 Penii
558 3267 582 3314 in
599 3265 749 3314 monimentis
780 3267 904 3330 sepissime
920 3266 943 3312 iu
956 3263 1159 3323 lastemnam,
1176 3263 1232 3310 satis
1242 3277 1296 3310 oon·

229 3331 331 3442 {unquis
347 3339 477 3384 occurrunt,
494 3331 537 3378 etei
552 3329 631 3378 miuus
651 3331 748 3380 nantia.
780 3338 922 3442 slfllthque
937 3329 961 3376 in
973 3329 1023 3440 ipso
1034 3329 1125 3440 Taihw’
1140 3335 1169 3402 pt
1185 3326 1251 3438 infiit
1260 3326 1296 3402 bl!

254 3408 320 3442 n.·
466 3432 469 3438 .
779 3407 1076 3442 nermus·uuemerr
1128 3406 1210 3440 norem
1279 3405 1297 3438 u

262 3460 428 3506 ammomum
443 3459 585 3523 autentim]
602 3457 641 3508 Sic
656 3473 709 3506 cum
722 3456 749 3522 J,
780 3429 934 3519 conjecturari]
945 3459 1033 3520 probes.
1046 3409 1225 3504 EuxlBellam
1232 3405 1297 3502 hriiid

230 3520 304 3570 oron,
322 3522 384 3570 edidi
399 3538 412 3570 e
427 3523 482 3572 MS.
494 3523 559 3572 Flor.
575 3523 611 3570 cd
624 3522 750 3586 pr.(aicet
780 3537 831 3569 raro
848 3537 891 3585 pro
900 3523 986 3584 pretio
1004 3521 1068 3584 poni,
1081 3519 1250 3568 Cortiua'docet
1265 3514 1296 3566 ad

229 3584 305 3647 Bud.)
321 3587 606 3636 cemamtttartormn.
624 3585 750 3634 Moxl'orte
782 3587 837 3634 Sall.
851 3586 902 3634 Cat.
915 3588 937 3635 9.
973 3585 1055 3633 Itahic
1065 3584 1141 3632 forsan
1152 3599 1174 3629 v.
1182 3581 1296 3643 pronam

228 3649 313 3697 melius
328 3649 399 3696 fuerit
417 3658 542 3700 vatatam
582 3652 640 3700 Post
659 3650 696 3697 ed.
715 3666 754 3713 pr.-
781 3665 824 3714 pro
833 3651 897 3698 bello.
932 3648 1168 3697 CictHiller.Rac.
1181 3647 1220 3694 39.

229 3727 325 3769 νενεως
343 3714 406 3761 unde
424 3715 531 3776 conjicias
547 3717 611 3763 omm'
625 3715 751 3762 emieat
815 3717 942 3775 Prospera,
963 3714 994 3760 od
1009 3713 1136 3776 sommam
1157 3711 1241 3774 Κεφ]
1266 3707 1296 3756 in

229 3778 405 3825 deauraverant.
437 3779 510 3828 Ean.
543 3779 692 3828 Buduersa.
783 3777 854 3828 Rom.
866 3777 920 3826 edit
932 3777 1003 3840 legas,
1011 3792 1125 3838 prospero
1147 3781 1243 3822 mane·
1261 3774 1298 3822 At

262 3843 372 3890 Serantis
379 3844 498 3905 smegttaa
508 3845 649 3908 incuriosae]
667 3843 749 3890 Heius.
781 3841 892 3904 sententia
902 3848 1078 3902 totarumptaa
1139 3839 1213 3895 usti03
1231 3838 1298 3897 cujus

230 3906 398 3954 fam-termedo
406 3910 502 3970 fragis.
535 3909 667 3956 Scdnustcr
679 3908 748 3955 etiarn
781 3901 1297 3969 frngm‘eutumiusimilescalumniatoreaup,¹

230 3970 264 4017 H·
275 3972 300 4027 2,
313 3971 351 4025 17.
362 3974 497 4024 mitonem
507 3973 643 4020 amatam.
746 3983 749 3987 ·
781 3969 844 4018 Noa
856 3972 880 4031 r,
893 3971 949 4034 roa.
976 3969 1086 4028 Art-mo,
1099 3968 1240 4025 manorum,
1255 3967 1298 4013 aa·

263 4036 343 4082 Sonat
357 4037 384 4082 in
396 4038 453 4083 arie
468 4037 604 4100 mandata]
617 4035 680 4085 Vett.
697 4035 749 4082 add.
781 4036 883 4082 uersam
889 4034 1047 4096 pravitatem
1058 4032 1200 4092 remandato
1210 4045 1298 4086 cacata,

231 4111 307 4160 usque
322 4097 440 4148 tannen.
454 4102 556 4161 tantm,
574 4099 637 4163 qnod
653 4108 676 4146 ct
692 4099 748 4148 MS.
775 4101 903 4163 fortunam
931 4100 957 4146 in
979 4097 1133 4144 temeritatem
1155 4095 1297 4160 declinando,

233 4162 311 4209 Guelf.
323 4164 358 4226 (et
367 4163 554 4223 Budmhibet.
590 4162 620 4212 V.
633 4162 663 4210 ad
676 4178 695 4211 c.
708 4163 748 4210 36.
782 4163 968 4224 corrumpebant.
986 4161 1061 4208 Lms.
1078 4159 1143 4208 Edit
1151 4159 1222 4208 Rout·
1230 4155 1298 4205 intel·

231 4234 289 4273 extr.
307 4229 421 4274 mandere
438 4231 464 4274 tn
483 4231 572 4289 artem,
592 4241 635 4290 pro
650 4227 751 4286 mittere·
783 4226 983 4290 ligeprincaliam
994 4223 1159 4284 aBeroaldina,
1171 4222 1299 4287 quaehabet

232 4291 275 4352 qui
283 4290 425 4346 mutierem,
437 4308 454 4340 a.
466 4292 551 4351 literas,
562 4291 647 4355 quibua
653 4291 750 4338 nuncia·
783 4309 798 4338 a
810 4290 938 4338 Puteolano
948 4291 1008 4352 ads.
1019 4290 1138 4350 reipsum
1150 4302 1213 4353 seqq.
1223 4285 1299 4335 omni·
1366 4317 1372 4330 .

231 4363 291 4418 ΝΜ)
301 4354 343 4402 illa
353 4364 407 4404 atas
417 4355 477 4404 dixit
487 4371 554 4420 saepe,
564 4367 707 4420 quamquam
717 4355 751 4402 ita
783 4358 834 4404 bus.
853 4356 924 4415 netp.
939 4361 973 4402 est
983 4351 1126 4401 hauddubie
1138 4366 1151 4398 a
1162 4341 1301 4412 Puteolano}
