<?xml version="1.0" encoding="UTF-8"?>
<!DOCTYPE html PUBLIC "-//W3C//DTD XHTML 1.0 Transitional//EN"
    "http://www.w3.org/TR/xhtml1/DTD/xhtml1-transitional.dtd">
<html xmlns="http://www.w3.org/1999/xhtml" xml:lang="en" lang="en">
 <head>
  <title>
</title>
<meta http-equiv="Content-Type" content="text/html;charset=utf-8" />
  <meta name='ocr-system' content='tesseract 3.04.00' />
  <meta name='ocr-capabilities' content='ocr_page ocr_carea ocr_par ocr_line ocrx_word'/>
</head>
<body>
  <div class='ocr_page' id='page_1' title='image "./ccorneliitaciti01grongoog_0106.png"; bbox 0 0 3042 4950; ppageno 0'>
   <div class='ocr_carea' id='block_1_1' title="bbox 212 194 1290 296">
    <p class='ocr_par' dir='ltr' id='par_1_1' title="bbox 212 194 1290 296">
     <span class='ocr_line' id='line_1_1' title="bbox 212 194 1290 296; baseline -0.004 -5"><span class='ocrx_word' id='word_1_1' title='bbox 212 232 287 293; x_wconf 74' lang='lat' dir='ltr'><strong>roa</strong></span> <span class='ocrx_word' id='word_1_2' title='bbox 651 194 875 283; x_wconf 75' lang='lat' dir='ltr'><strong>Auusmuu</strong></span> <span class='ocrx_word' id='word_1_3' title='bbox 1121 224 1290 296; x_wconf 60' lang='lat' dir='ltr'><strong>[assos.</strong></span> 
     </span>
    </p>
   </div>
   <div class='ocr_carea' id='block_1_2' title="bbox 168 380 1319 1413">
    <p class='ocr_par' dir='ltr' id='par_1_2' title="bbox 228 380 1319 559">
     <span class='ocr_line' id='line_1_2' title="bbox 228 380 1319 473; baseline -0.012 -17"><span class='ocrx_word' id='word_1_4' title='bbox 228 390 339 455; x_wconf 74' lang='lat' dir='ltr'><strong>&#39;laetitia</strong></span> <span class='ocrx_word' id='word_1_5' title='bbox 359 386 555 451; x_wconf 85' lang='lat' dir='ltr'><strong>habendum:</strong></span> <span class='ocrx_word' id='word_1_6' title='bbox 579 386 694 451; x_wconf 84' lang='lat' dir='ltr'><strong>semina</strong></span> <span class='ocrx_word' id='word_1_7' title='bbox 707 387 799 451; x_wconf 86' lang='lat' dir='ltr'><strong>etiam</strong></span> <span class='ocrx_word' id='word_1_8' title='bbox 817 386 960 451; x_wconf 91' lang='lat' dir='ltr'><strong>odiorum</strong></span> <span class='ocrx_word' id='word_1_9' title='bbox 979 385 1133 473; x_wconf 84' lang='lat' dir='ltr'><strong>jacienda,</strong></span> <span class='ocrx_word' id='word_1_10' title='bbox 1155 399 1192 450; x_wconf 91' lang='lat' dir='ltr'><strong>ut</strong></span> <span class='ocrx_word' id='word_1_11' title='bbox 1211 380 1293 472; x_wconf 72' lang='lat' dir='ltr'><strong>saepe</strong></span> <span class='ocrx_word' id='word_1_12' title='bbox 1316 441 1319 443; x_wconf 75' lang='grc'>,</span> 
     </span>
     <span class='ocr_line' id='line_1_3' title="bbox 234 470 1293 559; baseline -0.006 -20"><span class='ocrx_word' id='word_1_13' title='bbox 234 474 397 559; x_wconf 85' lang='lat' dir='ltr'><strong>Principes¹</strong></span> <span class='ocrx_word' id='word_1_14' title='bbox 408 471 543 535; x_wconf 88' lang='lat' dir='ltr'><strong>Romani</strong></span> <span class='ocrx_word' id='word_1_15' title='bbox 558 472 696 535; x_wconf 85' lang='lat' dir='ltr'><strong>eamdem</strong></span> <span class='ocrx_word' id='word_1_16' title='bbox 712 472 904 547; x_wconf 84' lang='lat' dir='ltr'><strong>Armeniam,</strong></span> <span class='ocrx_word' id='word_1_17' title='bbox 921 470 1020 557; x_wconf 90' lang='lat' dir='ltr'><strong>specie</strong></span> <span class='ocrx_word' id='word_1_18' title='bbox 1033 470 1212 556; x_wconf 85' lang='lat' dir='ltr'><strong>largitionis,</strong></span> <span class='ocrx_word' id='word_1_19' title='bbox 1228 482 1293 534; x_wconf 86' lang='lat' dir='ltr'><strong>tur-</strong></span> 
     </span>
    </p>

    <p class='ocr_par' dir='ltr' id='par_1_3' title="bbox 226 554 1291 653">
     <span class='ocr_line' id='line_1_4' title="bbox 226 554 1291 653; baseline -0.005 -30"><span class='ocrx_word' id='word_1_20' title='bbox 226 558 344 623; x_wconf 86' lang='lat' dir='ltr'><strong>&#39;bandis</strong></span> <span class='ocrx_word' id='word_1_21' title='bbox 371 557 573 620; x_wconf 84' lang='lat' dir='ltr'><strong>barbarorum</strong></span> <span class='ocrx_word' id='word_1_22' title='bbox 601 556 709 619; x_wconf 85' lang='lat' dir='ltr'><strong>animis</strong></span> <span class='ocrx_word' id='word_1_23' title='bbox 734 556 937 653; x_wconf 74' lang='lat' dir='ltr'><strong>praebuerint.</strong></span> <span class='ocrx_word' id='word_1_24' title='bbox 981 554 1139 618; x_wconf 89' lang='lat' dir='ltr'><strong>Potiretur</strong></span> <span class='ocrx_word' id='word_1_25' title='bbox 1163 555 1291 619; x_wconf 88' lang='lat' dir='ltr'><strong>Rhada-</strong></span> 
     </span>
    </p>

    <p class='ocr_par' dir='ltr' id='par_1_4' title="bbox 233 638 1293 726">
     <span class='ocr_line' id='line_1_5' title="bbox 233 638 1293 726; baseline -0.003 -21"><span class='ocrx_word' id='word_1_26' title='bbox 233 644 342 707; x_wconf 90' lang='lat' dir='ltr'><strong>mistus</strong></span> <span class='ocrx_word' id='word_1_27' title='bbox 361 640 442 705; x_wconf 89' lang='lat' dir='ltr'><strong>mele</strong></span> <span class='ocrx_word' id='word_1_28' title='bbox 459 640 566 726; x_wconf 84' lang='lat' dir='ltr'><strong>partis,</strong></span> <span class='ocrx_word' id='word_1_29' title='bbox 581 640 659 703; x_wconf 88' lang='lat' dir='ltr'><strong>dum</strong></span> <span class='ocrx_word' id='word_1_30' title='bbox 678 639 807 717; x_wconf 78' lang='lat' dir='ltr'><strong>invisus,</strong></span> <span class='ocrx_word' id='word_1_31' title='bbox 826 638 967 702; x_wconf 87' lang='lat' dir='ltr'><strong>infamis:</strong></span> <span class='ocrx_word' id='word_1_32' title='bbox 990 638 1171 725; x_wconf 88' lang='lat' dir='ltr'><strong>quandoid</strong></span> <span class='ocrx_word' id='word_1_33' title='bbox 1193 640 1293 725; x_wconf 87' lang='lat' dir='ltr'><strong>magis</strong></span> 
     </span>
    </p>

    <p class='ocr_par' dir='ltr' id='par_1_5' title="bbox 168 722 1294 812">
     <span class='ocr_line' id='line_1_6' title="bbox 168 722 1294 812; baseline -0.005 -21"><span class='ocrx_word' id='word_1_34' title='bbox 168 736 171 739; x_wconf 83' lang='grc'><strong>’</strong></span> <span class='ocrx_word' id='word_1_35' title='bbox 227 752 272 791; x_wconf 86' lang='lat' dir='ltr'><strong>ex</strong></span> <span class='ocrx_word' id='word_1_36' title='bbox 293 750 363 804; x_wconf 92' lang='lat' dir='ltr'><strong>usu,</strong></span> <span class='ocrx_word' id='word_1_37' title='bbox 378 747 473 812; x_wconf 87' lang='lat' dir='ltr'><strong>quam</strong></span> <span class='ocrx_word' id='word_1_38' title='bbox 488 724 513 787; x_wconf 88' lang='lat' dir='ltr'><strong>si</strong></span> <span class='ocrx_word' id='word_1_39' title='bbox 527 746 599 787; x_wconf 91' lang='lat' dir='ltr'><strong>cum</strong></span> <span class='ocrx_word' id='word_1_40' title='bbox 612 722 711 809; x_wconf 86' lang='lat' dir='ltr'><strong>gloria</strong></span> <span class='ocrx_word' id='word_1_41' title='bbox 730 723 785 787; x_wconf 68' lang='lat' dir='ltr'><strong>ad‘</strong></span> <span class='ocrx_word' id='word_1_42' title='bbox 811 735 863 786; x_wconf 89' lang='lat' dir='ltr'><strong>tus</strong></span> <span class='ocrx_word' id='word_1_43' title='bbox 875 723 985 788; x_wconf 87' lang='lat' dir='ltr'><strong>foret.”</strong></span> <span class='ocrx_word' id='word_1_44' title='bbox 1027 726 1068 786; x_wconf 92' lang='lat' dir='ltr'><strong>In</strong></span> <span class='ocrx_word' id='word_1_45' title='bbox 1081 723 1294 788; x_wconf 79' lang='lat' dir='ltr'><strong>bonosenten-</strong></span> 
     </span>
    </p>

    <p class='ocr_par' dir='ltr' id='par_1_6' title="bbox 230 807 1295 887">
     <span class='ocr_line' id='line_1_7' title="bbox 230 807 1295 887; baseline -0.004 -11"><span class='ocrx_word' id='word_1_46' title='bbox 230 814 308 876; x_wconf 86' lang='lat' dir='ltr'><strong>tiam</strong></span> <span class='ocrx_word' id='word_1_47' title='bbox 323 811 411 875; x_wconf 90' lang='lat' dir='ltr'><strong>itum.</strong></span> <span class='ocrx_word' id='word_1_48' title='bbox 456 810 505 871; x_wconf 92' lang='lat' dir='ltr'><strong>Ne</strong></span> <span class='ocrx_word' id='word_1_49' title='bbox 519 822 621 871; x_wconf 84' lang='lat' dir='ltr'><strong>tamen</strong></span> <span class='ocrx_word' id='word_1_50' title='bbox 636 807 780 871; x_wconf 75' lang='lat' dir='ltr'><strong>adnuisse</strong></span> <span class='ocrx_word' id='word_1_51' title='bbox 803 807 917 871; x_wconf 82' lang='lat' dir='ltr'><strong>acinori</strong></span> <span class='ocrx_word' id='word_1_52' title='bbox 931 808 1120 887; x_wconf 90' lang='lat' dir='ltr'><strong>viderentur,</strong></span> <span class='ocrx_word' id='word_1_53' title='bbox 1132 821 1163 872; x_wconf 92' lang='lat' dir='ltr'><strong>et</strong></span> <span class='ocrx_word' id='word_1_54' title='bbox 1173 810 1295 873; x_wconf 87' lang='lat' dir='ltr'><strong>diversa</strong></span> 
     </span>
    </p>

    <p class='ocr_par' dir='ltr' id='par_1_7' title="bbox 236 892 1294 981">
     <span class='ocr_line' id='line_1_8' title="bbox 236 892 1294 981; baseline -0.002 -21"><span class='ocrx_word' id='word_1_55' title='bbox 236 897 340 961; x_wconf 84' lang='lat' dir='ltr'><strong>Caesar</strong></span> <span class='ocrx_word' id='word_1_56' title='bbox 354 894 447 981; x_wconf 76' lang='lat' dir='ltr'><strong>praeci</strong></span> <span class='ocrx_word' id='word_1_57' title='bbox 470 906 544 969; x_wconf 88' lang='lat' dir='ltr'><strong>eret,</strong></span> <span class='ocrx_word' id='word_1_58' title='bbox 569 892 652 954; x_wconf 89' lang='lat' dir='ltr'><strong>missi</strong></span> <span class='ocrx_word' id='word_1_59' title='bbox 675 892 714 955; x_wconf 82' lang='lat' dir='ltr'><strong>ad</strong></span> <span class='ocrx_word' id='word_1_60' title='bbox 731 892 961 956; x_wconf 76' lang='lat' dir='ltr'><strong>Pharasmanen</strong></span> <span class='ocrx_word' id='word_1_61' title='bbox 984 892 1097 970; x_wconf 90' lang='lat' dir='ltr'><strong>nuntii,</strong></span> <span class='ocrx_word' id='word_1_62' title='bbox 1124 900 1146 932; x_wconf 79' lang='lat'><strong>‘⁶</strong></span> <span class='ocrx_word' id='word_1_63' title='bbox 1168 907 1205 958; x_wconf 88' lang='lat' dir='ltr'><strong>ut</strong></span> <span class='ocrx_word' id='word_1_64' title='bbox 1225 894 1294 957; x_wconf 79' lang='lat' dir='ltr'><strong>abs-</strong></span> 
     </span>
    </p>

    <p class='ocr_par' dir='ltr' id='par_1_8' title="bbox 224 916 1104 1061">
     <span class='ocr_line' id='line_1_9' title="bbox 224 916 1104 1061; baseline -0.007 -16"><span class='ocrx_word' id='word_1_65' title='bbox 224 980 354 1045; x_wconf 82' lang='lat' dir='ltr'><strong>cederet</strong></span> <span class='ocrx_word' id='word_1_66' title='bbox 367 1002 386 1041; x_wconf 86' lang='lat' dir='ltr'><strong>a</strong></span> <span class='ocrx_word' id='word_1_67' title='bbox 400 916 514 1041; x_wconf 78' lang='lat' dir='ltr'><strong>finilsus</strong></span> <span class='ocrx_word' id='word_1_68' title='bbox 527 976 696 1054; x_wconf 85' lang='lat' dir='ltr'><strong>Armeniis,</strong></span> <span class='ocrx_word' id='word_1_69' title='bbox 710 976 873 1061; x_wconf 90' lang='lat' dir='ltr'><strong>filiumque</strong></span> <span class='ocrx_word' id='word_1_70' title='bbox 885 976 1104 1042; x_wconf 82' lang='lat' dir='ltr'><strong>abstraheret.”</strong></span> 
     </span>
    </p>

    <p class='ocr_par' dir='ltr' id='par_1_9' title="bbox 208 1060 1315 1413">
     <span class='ocr_line' id='line_1_10' title="bbox 289 1060 1293 1156; baseline 0 -29"><span class='ocrx_word' id='word_1_71' title='bbox 289 1063 419 1127; x_wconf 89' lang='lat' dir='ltr'>XLIX.</span> <span class='ocrx_word' id='word_1_72' title='bbox 447 1064 527 1127; x_wconf 85' lang='lat' dir='ltr'><strong>Erat</strong></span> <span class='ocrx_word' id='word_1_73' title='bbox 554 1060 759 1156; x_wconf 79' lang='lat' dir='ltr'><strong>Cappadociae</strong></span> <span class='ocrx_word' id='word_1_74' title='bbox 788 1063 977 1125; x_wconf 86' lang='lat' dir='ltr'><strong>Procurator</strong></span> <span class='ocrx_word' id='word_1_75' title='bbox 1001 1060 1108 1125; x_wconf 82' lang='lat' dir='ltr'><strong>Julius</strong></span> <span class='ocrx_word' id='word_1_76' title='bbox 1133 1060 1293 1147; x_wconf 78' lang='lat' dir='ltr'><strong>Pelignus,</strong></span> 
     </span>
     <span class='ocr_line' id='line_1_11' title="bbox 235 1144 1295 1233; baseline 0 -22"><span class='ocrx_word' id='word_1_77' title='bbox 235 1147 340 1233; x_wconf 86' lang='lat' dir='ltr'><strong>ignavi</strong></span> <span class='ocrx_word' id='word_1_78' title='bbox 360 1146 465 1223; x_wconf 86' lang='lat' dir='ltr'><strong>animi,</strong></span> <span class='ocrx_word' id='word_1_79' title='bbox 487 1159 519 1210; x_wconf 91' lang='lat' dir='ltr'><strong>et</strong></span> <span class='ocrx_word' id='word_1_80' title='bbox 532 1144 702 1208; x_wconf 88' lang='lat' dir='ltr'><strong>derid1culo</strong></span> <span class='ocrx_word' id='word_1_81' title='bbox 716 1145 853 1231; x_wconf 84' lang='lat' dir='ltr'><strong>corporis</strong></span> <span class='ocrx_word' id='word_1_82' title='bbox 870 1146 965 1231; x_wconf 75' lang='lat' dir='ltr'><strong>juxta</strong></span> <span class='ocrx_word' id='word_1_83' title='bbox 984 1145 1216 1231; x_wconf 89' lang='lat' dir='ltr'><strong>despiciendus;</strong></span> <span class='ocrx_word' id='word_1_84' title='bbox 1241 1148 1295 1211; x_wconf 89' lang='lat' dir='ltr'><strong>sed</strong></span> 
     </span>
     <span class='ocr_line' id='line_1_12' title="bbox 225 1227 1315 1317; baseline 0.003 -21"><span class='ocrx_word' id='word_1_85' title='bbox 225 1232 371 1296; x_wconf 69' lang='lat' dir='ltr'><strong>Claudio</strong></span> <span class='ocrx_word' id='word_1_86' title='bbox 384 1250 535 1317; x_wconf 85' lang='lat' dir='ltr'><strong>perquam</strong></span> <span class='ocrx_word' id='word_1_87' title='bbox 549 1227 717 1307; x_wconf 73' lang='lat' dir='ltr'><strong>familiaris,</strong></span> <span class='ocrx_word' id='word_1_88' title='bbox 732 1252 804 1293; x_wconf 88' lang='lat' dir='ltr'><strong>cum</strong></span> <span class='ocrx_word' id='word_1_89' title='bbox 823 1228 964 1317; x_wconf 87' lang='lat' dir='ltr'><strong>privatus</strong></span> <span class='ocrx_word' id='word_1_90' title='bbox 978 1229 1051 1293; x_wconf 91' lang='lat' dir='ltr'><strong>olim</strong></span> <span class='ocrx_word' id='word_1_91' title='bbox 1067 1231 1295 1295; x_wconf 85' lang='lat' dir='ltr'><strong>conversatione</strong></span> <span class='ocrx_word' id='word_1_92' title='bbox 1312 1287 1315 1300; x_wconf 86' lang='lat'><strong>.</strong></span> 
     </span>
     <span class='ocr_line' id='line_1_13' title="bbox 208 1313 1292 1413; baseline -0.001 -33"><span class='ocrx_word' id='word_1_93' title='bbox 208 1400 216 1413; x_wconf 30' lang='lat'>²</span> <span class='ocrx_word' id='word_1_94' title='bbox 234 1336 410 1387; x_wconf 84' lang='lat' dir='ltr'><strong>scurrarum</strong></span> <span class='ocrx_word' id='word_1_95' title='bbox 430 1316 511 1379; x_wconf 88' lang='lat' dir='ltr'><strong>iners</strong></span> <span class='ocrx_word' id='word_1_96' title='bbox 525 1314 623 1378; x_wconf 87' lang='lat' dir='ltr'><strong>otium</strong></span> <span class='ocrx_word' id='word_1_97' title='bbox 638 1313 812 1379; x_wconf 76' lang='lat' dir='ltr'><strong>oblectaret.</strong></span> <span class='ocrx_word' id='word_1_98' title='bbox 832 1335 834 1338; x_wconf 85' lang='lat'>·</span> <span class='ocrx_word' id='word_1_99' title='bbox 858 1315 904 1392; x_wconf 91' lang='lat' dir='ltr'><strong>Is,</strong></span> <span class='ocrx_word' id='word_1_100' title='bbox 918 1314 1041 1377; x_wconf 85' lang='lat' dir='ltr'><strong>auxiliis</strong></span> <span class='ocrx_word' id='word_1_101' title='bbox 1058 1315 1292 1402; x_wconf 86' lang='lat' dir='ltr'><strong>provincialium</strong></span> 
     </span>
    </p>
   </div>
   <div class='ocr_carea' id='block_1_3' title="bbox 178 1563 1334 4410">
    <p class='ocr_par' dir='ltr' id='par_1_10' title="bbox 178 1563 1334 4410">
     <span class='ocr_line' id='line_1_14' title="bbox 224 1563 1293 1631; baseline -0.005 -13"><span class='ocrx_word' id='word_1_102' title='bbox 224 1563 460 1631; x_wconf 65' lang='lat' dir='ltr'><strong>,imnipsios&#39;non</strong></span> <span class='ocrx_word' id='word_1_103' title='bbox 471 1566 533 1615; x_wconf 86' lang='lat' dir='ltr'><strong>enirn</strong></span> <span class='ocrx_word' id='word_1_104' title='bbox 543 1581 610 1614; x_wconf 82' lang='lat' dir='ltr'><strong>omne</strong></span> <span class='ocrx_word' id='word_1_105' title='bbox 620 1568 694 1631; x_wconf 76' lang='lat' dir='ltr'><strong>magis</strong></span> <span class='ocrx_word' id='word_1_106' title='bbox 704 1567 751 1615; x_wconf 85' lang='lat' dir='ltr'><strong>huc</strong></span> <span class='ocrx_word' id='word_1_107' title='bbox 780 1566 805 1613; x_wconf 88' lang='lat' dir='ltr'><strong>in</strong></span> <span class='ocrx_word' id='word_1_108' title='bbox 823 1567 866 1615; x_wconf 77' lang='lat' dir='ltr'><strong>SS-</strong></span> <span class='ocrx_word' id='word_1_109' title='bbox 883 1566 1072 1615; x_wconf 70' lang='lat' dir='ltr'><strong>serietas</strong></span> <span class='ocrx_word' id='word_1_110' title='bbox 1087 1566 1117 1613; x_wconf 83' lang='lat' dir='ltr'><strong>sd</strong></span> <span class='ocrx_word' id='word_1_111' title='bbox 1132 1565 1195 1614; x_wconf 81' lang='lat' dir='ltr'><strong>Livii</strong></span> <span class='ocrx_word' id='word_1_112' title='bbox 1211 1566 1236 1625; x_wconf 81' lang='grc'><strong>4,</strong></span> <span class='ocrx_word' id='word_1_113' title='bbox 1255 1567 1293 1614; x_wconf 75' lang='lat' dir='ltr'><strong>tat</strong></span> 
     </span>
     <span class='ocr_line' id='line_1_15' title="bbox 235 1630 1294 1696; baseline -0.001 -16"><span class='ocrx_word' id='word_1_114' title='bbox 235 1633 349 1696; x_wconf 80' lang='lat' dir='ltr'><strong>congruit,</strong></span> <span class='ocrx_word' id='word_1_115' title='bbox 370 1647 438 1693; x_wconf 83' lang='lat' dir='ltr'><strong>quam</strong></span> <span class='ocrx_word' id='word_1_116' title='bbox 456 1632 577 1693; x_wconf 79' lang='lat' dir='ltr'><strong>quoddam,</strong></span> <span class='ocrx_word' id='word_1_117' title='bbox 594 1640 635 1680; x_wconf 80' lang='lat' dir='ltr'><strong>sut</strong></span> <span class='ocrx_word' id='word_1_118' title='bbox 652 1630 750 1694; x_wconf 85' lang='lat' dir='ltr'><strong>quodvis</strong></span> <span class='ocrx_word' id='word_1_119' title='bbox 782 1631 873 1679; x_wconf 74' lang='lat' dir='ltr'><strong>Gnost-</strong></span> <span class='ocrx_word' id='word_1_120' title='bbox 904 1630 976 1679; x_wconf 87' lang='lat' dir='ltr'><strong>Adde</strong></span> <span class='ocrx_word' id='word_1_121' title='bbox 989 1630 1107 1694; x_wconf 83' lang='lat' dir='ltr'><strong>Ryskium</strong></span> <span class='ocrx_word' id='word_1_122' title='bbox 1125 1630 1193 1678; x_wconf 88' lang='lat' dir='ltr'><strong>adh.</strong></span> <span class='ocrx_word' id='word_1_123' title='bbox 1208 1631 1225 1677; x_wconf 90' lang='lat' dir='ltr'><strong>l.</strong></span> <span class='ocrx_word' id='word_1_124' title='bbox 1241 1632 1294 1679; x_wconf 79' lang='lat' dir='ltr'><strong>Jac-</strong></span> 
     </span>
     <span class='ocr_line' id='line_1_16' title="bbox 227 1694 1295 1761; baseline -0.002 -18"><span class='ocrx_word' id='word_1_125' title='bbox 227 1694 368 1761; x_wconf 25' lang='lat' dir='ltr'><strong>*huJusmodi</strong></span> <span class='ocrx_word' id='word_1_126' title='bbox 376 1695 566 1745; x_wconf 80' lang='lat' dir='ltr'><strong>additamentum.</strong></span> <span class='ocrx_word' id='word_1_127' title='bbox 582 1694 680 1743; x_wconf 87' lang='lat' dir='ltr'><strong>Prorsus</strong></span> <span class='ocrx_word' id='word_1_128' title='bbox 686 1694 750 1741; x_wconf 76' lang='lat' dir='ltr'><strong>uliud</strong></span> <span class='ocrx_word' id='word_1_129' title='bbox 781 1694 855 1741; x_wconf 82' lang='lat' dir='ltr'><strong>Gron.</strong></span> <span class='ocrx_word' id='word_1_130' title='bbox 867 1696 1040 1755; x_wconf 77' lang='lat' dir='ltr'><strong>conspiciendus</strong></span> <span class='ocrx_word' id='word_1_131' title='bbox 1049 1708 1106 1750; x_wconf 46' lang='lat' dir='ltr'><strong>,esse</strong></span> <span class='ocrx_word' id='word_1_132' title='bbox 1115 1694 1148 1741; x_wconf 88' lang='lat' dir='ltr'><strong>ait</strong></span> <span class='ocrx_word' id='word_1_133' title='bbox 1161 1709 1176 1740; x_wconf 84' lang='lat' dir='ltr'><strong>a</strong></span> <span class='ocrx_word' id='word_1_134' title='bbox 1186 1694 1295 1741; x_wconf 84' lang='lat' dir='ltr'><strong>Beroaldi</strong></span> 
     </span>
     <span class='ocr_line' id='line_1_17' title="bbox 227 1756 1295 1822; baseline -0.001 -17"><span class='ocrx_word' id='word_1_135' title='bbox 227 1758 292 1822; x_wconf 68' lang='lat' dir='ltr'><strong>¹quid</strong></span> <span class='ocrx_word' id='word_1_136' title='bbox 306 1760 330 1805; x_wconf 85' lang='lat' dir='ltr'><strong>in</strong></span> <span class='ocrx_word' id='word_1_137' title='bbox 341 1775 369 1807; x_wconf 87' lang='lat' dir='ltr'><strong>es</strong></span> <span class='ocrx_word' id='word_1_138' title='bbox 378 1774 433 1807; x_wconf 83' lang='lat' dir='ltr'><strong>vose</strong></span> <span class='ocrx_word' id='word_1_139' title='bbox 442 1758 506 1813; x_wconf 81' lang='lat' dir='ltr'><strong>latet,</strong></span> <span class='ocrx_word' id='word_1_140' title='bbox 517 1758 546 1805; x_wconf 89' lang='lat' dir='ltr'><strong>de</strong></span> <span class='ocrx_word' id='word_1_141' title='bbox 557 1772 603 1821; x_wconf 91' lang='lat' dir='ltr'><strong>quo</strong></span> <span class='ocrx_word' id='word_1_142' title='bbox 613 1758 750 1807; x_wconf 84' lang='lat' dir='ltr'><strong>inveniendo</strong></span> <span class='ocrx_word' id='word_1_143' title='bbox 778 1757 878 1805; x_wconf 84' lang='lat' dir='ltr'><strong>licentia.</strong></span> <span class='ocrx_word' id='word_1_144' title='bbox 905 1759 942 1806; x_wconf 81' lang='lat' dir='ltr'><strong>At</strong></span> <span class='ocrx_word' id='word_1_145' title='bbox 952 1758 984 1805; x_wconf 85' lang='lat' dir='ltr'><strong>sic</strong></span> <span class='ocrx_word' id='word_1_146' title='bbox 994 1767 1047 1805; x_wconf 85' lang='lat' dir='ltr'><strong>ante</strong></span> <span class='ocrx_word' id='word_1_147' title='bbox 1058 1756 1198 1805; x_wconf 84' lang='lat' dir='ltr'><strong>Puteolanus</strong></span> <span class='ocrx_word' id='word_1_148' title='bbox 1208 1757 1295 1804; x_wconf 81' lang='lat' dir='ltr'><strong>edidit:</strong></span> 
     </span>
     <span class='ocr_line' id='line_1_18' title="bbox 234 1820 1295 1885; baseline -0.002 -16"><span class='ocrx_word' id='word_1_149' title='bbox 234 1836 281 1869; x_wconf 83' lang='lat' dir='ltr'><strong>non</strong></span> <span class='ocrx_word' id='word_1_150' title='bbox 289 1824 391 1870; x_wconf 87' lang='lat' dir='ltr'><strong>multum</strong></span> <span class='ocrx_word' id='word_1_151' title='bbox 399 1822 493 1885; x_wconf 86' lang='lat' dir='ltr'><strong>quidem</strong></span> <span class='ocrx_word' id='word_1_152' title='bbox 501 1821 688 1885; x_wconf 78' lang='lat' dir='ltr'><strong>mihipoiiioeors</strong></span> <span class='ocrx_word' id='word_1_153' title='bbox 702 1836 751 1869; x_wconf 86' lang='lat' dir='ltr'><strong>esse</strong></span> <span class='ocrx_word' id='word_1_154' title='bbox 780 1829 803 1868; x_wconf 89' lang='lat' dir='ltr'><strong>et</strong></span> <span class='ocrx_word' id='word_1_155' title='bbox 819 1821 902 1869; x_wconf 85' lang='lat' dir='ltr'><strong>sic-est</strong></span> <span class='ocrx_word' id='word_1_156' title='bbox 916 1820 941 1867; x_wconf 89' lang='lat' dir='ltr'><strong>in</strong></span> <span class='ocrx_word' id='word_1_157' title='bbox 957 1821 1013 1869; x_wconf 84' lang='lat' dir='ltr'><strong>MS.</strong></span> <span class='ocrx_word' id='word_1_158' title='bbox 1034 1820 1112 1868; x_wconf 86' lang='lat' dir='ltr'><strong>Guelf.</strong></span> <span class='ocrx_word' id='word_1_159' title='bbox 1145 1820 1191 1868; x_wconf 83' lang='lat' dir='ltr'><strong>Ed.</strong></span> <span class='ocrx_word' id='word_1_160' title='bbox 1205 1822 1295 1882; x_wconf 83' lang='lat' dir='ltr'><strong>pr.ds-</strong></span> 
     </span>
     <span class='ocr_line' id='line_1_19' title="bbox 234 1884 1324 1949; baseline -0.002 -16"><span class='ocrx_word' id='word_1_161' title='bbox 234 1894 312 1934; x_wconf 84' lang='lat' dir='ltr'><strong>tamen</strong></span> <span class='ocrx_word' id='word_1_162' title='bbox 333 1894 431 1949; x_wconf 80' lang='lat' dir='ltr'><strong>poterat,</strong></span> <span class='ocrx_word' id='word_1_163' title='bbox 448 1887 532 1947; x_wconf 80' lang='lat' dir='ltr'><strong>plures</strong></span> <span class='ocrx_word' id='word_1_164' title='bbox 551 1891 602 1931; x_wconf 84' lang='lat' dir='ltr'><strong>tuto</strong></span> <span class='ocrx_word' id='word_1_165' title='bbox 623 1887 749 1943; x_wconf 70' lang='lat' dir='ltr'><strong>ducerent,</strong></span> <span class='ocrx_word' id='word_1_166' title='bbox 780 1886 917 1946; x_wconf 63' lang='lat' dir='ltr'><strong>spiciendun</strong></span> <span class='ocrx_word' id='word_1_167' title='bbox 926 1884 1093 1946; x_wconf 83' lang='lat' dir='ltr'><strong>quadrestituit</strong></span> <span class='ocrx_word' id='word_1_168' title='bbox 1100 1884 1178 1932; x_wconf 84' lang='lat' dir='ltr'><strong>Rhea.</strong></span> <span class='ocrx_word' id='word_1_169' title='bbox 1187 1886 1212 1948; x_wconf 90' lang='lat' dir='ltr'><strong>(e</strong></span> <span class='ocrx_word' id='word_1_170' title='bbox 1219 1884 1296 1945; x_wconf 91' lang='lat' dir='ltr'><strong>Bud.)</strong></span> <span class='ocrx_word' id='word_1_171' title='bbox 1317 1902 1324 1913; x_wconf 91' lang='lat'><em>·</em></span> 
     </span>
     <span class='ocr_line' id='line_1_20' title="bbox 234 1947 1296 2014; baseline -0.001 -18"><span class='ocrx_word' id='word_1_172' title='bbox 234 1956 358 2008; x_wconf 83' lang='lat' dir='ltr'><strong>monentes,</strong></span> <span class='ocrx_word' id='word_1_173' title='bbox 376 1951 450 1997; x_wconf 85' lang='lat' dir='ltr'><strong>tocius</strong></span> <span class='ocrx_word' id='word_1_174' title='bbox 462 1956 585 1997; x_wconf 71' lang='lat' dir='ltr'><strong>emmam</strong></span> <span class='ocrx_word' id='word_1_175' title='bbox 596 1962 649 1995; x_wconf 85' lang='lat' dir='ltr'><strong>cum</strong></span> <span class='ocrx_word' id='word_1_176' title='bbox 667 1950 750 1997; x_wconf 76' lang='lat' dir='ltr'><strong>lotitia</strong></span> <span class='ocrx_word' id='word_1_177' title='bbox 781 1947 812 1994; x_wconf 89' lang='lat' dir='ltr'><strong>ld</strong></span> <span class='ocrx_word' id='word_1_178' title='bbox 828 1962 874 1995; x_wconf 90' lang='lat' dir='ltr'><strong>non</strong></span> <span class='ocrx_word' id='word_1_179' title='bbox 894 1947 968 2004; x_wconf 85' lang='lat' dir='ltr'><strong>video,</strong></span> <span class='ocrx_word' id='word_1_180' title='bbox 986 1962 1057 2011; x_wconf 86' lang='lat' dir='ltr'><strong>quare</strong></span> <span class='ocrx_word' id='word_1_181' title='bbox 1074 1947 1193 2010; x_wconf 51' lang='lat' dir='ltr'><strong>Queat</strong></span> <span class='ocrx_word' id='word_1_182' title='bbox 1209 1962 1296 2014; x_wconf 78' lang='lat' dir='ltr'><strong>magno</strong></span> 
     </span>
     <span class='ocr_line' id='line_1_21' title="bbox 178 2006 1295 2068; baseline -0.002 -9"><span class='ocrx_word' id='word_1_183' title='bbox 178 2016 180 2020; x_wconf 81' lang='grc'>’</span> <span class='ocrx_word' id='word_1_184' title='bbox 233 2006 368 2059; x_wconf 55' lang='lat' dir='ltr'><strong>Mundum.</strong></span> <span class='ocrx_word' id='word_1_185' title='bbox 398 2013 490 2061; x_wconf 72' lang='lat' dir='ltr'><strong>Gsort.</strong></span> <span class='ocrx_word' id='word_1_186' title='bbox 525 2012 631 2059; x_wconf 88' lang='lat' dir='ltr'><strong>Venitin</strong></span> <span class='ocrx_word' id='word_1_187' title='bbox 647 2019 749 2059; x_wconf 80' lang='lat' dir='ltr'><strong>mentem</strong></span> <span class='ocrx_word' id='word_1_188' title='bbox 781 2010 904 2057; x_wconf 82' lang='lat' dir='ltr'><strong>Gronovio</strong></span> <span class='ocrx_word' id='word_1_189' title='bbox 936 2014 1015 2058; x_wconf 66' lang='lat' dir='ltr'><strong>Juxta</strong></span> <span class='ocrx_word' id='word_1_190' title='bbox 1033 2010 1128 2068; x_wconf 79' lang='lat' dir='ltr'><strong>indicat,</strong></span> <span class='ocrx_word' id='word_1_191' title='bbox 1144 2013 1240 2062; x_wconf 81' lang='lat' dir='ltr'><strong>verbum</strong></span> <span class='ocrx_word' id='word_1_192' title='bbox 1259 2026 1295 2058; x_wconf 87' lang='lat' dir='ltr'><strong>re-</strong></span> 
     </span>
     <span class='ocr_line' id='line_1_22' title="bbox 224 2073 1294 2139; baseline -0.001 -17"><span class='ocrx_word' id='word_1_193' title='bbox 224 2076 357 2139; x_wconf 78' lang='lat' dir='ltr'><strong>legendum</strong></span> <span class='ocrx_word' id='word_1_194' title='bbox 375 2078 467 2137; x_wconf 81' lang='lat' dir='ltr'><strong>quippe,</strong></span> <span class='ocrx_word' id='word_1_195' title='bbox 486 2088 532 2137; x_wconf 90' lang='lat' dir='ltr'><strong>quo</strong></span> <span class='ocrx_word' id='word_1_196' title='bbox 552 2074 621 2121; x_wconf 84' lang='lat' dir='ltr'><strong>etiam</strong></span> <span class='ocrx_word' id='word_1_197' title='bbox 639 2075 702 2132; x_wconf 79' lang='lat' dir='ltr'><strong>alibi,</strong></span> <span class='ocrx_word' id='word_1_198' title='bbox 724 2076 748 2121; x_wconf 87' lang='lat' dir='ltr'><strong>in</strong></span> <span class='ocrx_word' id='word_1_199' title='bbox 779 2074 899 2121; x_wconf 81' lang='lat' dir='ltr'><strong>fereadum</strong></span> <span class='ocrx_word' id='word_1_200' title='bbox 910 2074 979 2121; x_wconf 72' lang='lat' dir='ltr'><strong>edem</strong></span> <span class='ocrx_word' id='word_1_201' title='bbox 989 2074 1021 2120; x_wconf 83' lang='lat' dir='ltr'><strong>ad</strong></span> <span class='ocrx_word' id='word_1_202' title='bbox 1031 2073 1130 2135; x_wconf 77' lang='lat' dir='ltr'><strong>ignatio</strong></span> <span class='ocrx_word' id='word_1_203' title='bbox 1139 2074 1231 2121; x_wconf 82' lang='lat' dir='ltr'><strong>vitium.</strong></span> <span class='ocrx_word' id='word_1_204' title='bbox 1246 2075 1294 2121; x_wconf 83' lang='lat' dir='ltr'><strong>At·</strong></span> 
     </span>
     <span class='ocr_line' id='line_1_23' title="bbox 224 2136 1294 2199; baseline 0.001 -14"><span class='ocrx_word' id='word_1_205' title='bbox 224 2140 321 2187; x_wconf 60' lang='lat' dir='ltr'><strong>*ratione</strong></span> <span class='ocrx_word' id='word_1_206' title='bbox 336 2140 454 2187; x_wconf 72' lang='lat' dir='ltr'><strong>sententio</strong></span> <span class='ocrx_word' id='word_1_207' title='bbox 469 2138 584 2185; x_wconf 83' lang='lat' dir='ltr'><strong>reddendo</strong></span> <span class='ocrx_word' id='word_1_208' title='bbox 595 2138 668 2185; x_wconf 85' lang='lat' dir='ltr'><strong>utitur</strong></span> <span class='ocrx_word' id='word_1_209' title='bbox 679 2138 749 2186; x_wconf 80' lang='lat' dir='ltr'><strong>Taci-</strong></span> <span class='ocrx_word' id='word_1_210' title='bbox 796 2136 822 2183; x_wconf 91' lang='lat' dir='ltr'><strong>ui</strong></span> <span class='ocrx_word' id='word_1_211' title='bbox 836 2136 935 2199; x_wconf 73' lang='lat' dir='ltr'><strong>ignavia</strong></span> <span class='ocrx_word' id='word_1_212' title='bbox 944 2137 1050 2199; x_wconf 83' lang='lat' dir='ltr'><strong>proprius</strong></span> <span class='ocrx_word' id='word_1_213' title='bbox 1061 2145 1196 2185; x_wconf 76' lang='lat' dir='ltr'><strong>mntemtus.</strong></span> <span class='ocrx_word' id='word_1_214' title='bbox 1229 2138 1294 2186; x_wconf 75' lang='lat' dir='ltr'><strong>Suet.</strong></span> 
     </span>
     <span class='ocr_line' id='line_1_24' title="bbox 233 2200 1294 2313; baseline -0.002 -64"><span class='ocrx_word' id='word_1_215' title='bbox 233 2210 280 2262; x_wconf 85' lang='lat' dir='ltr'><strong>tus,</strong></span> <span class='ocrx_word' id='word_1_216' title='bbox 290 2202 327 2251; x_wconf 90' lang='lat' dir='ltr'><strong>vel</strong></span> <span class='ocrx_word' id='word_1_217' title='bbox 337 2204 425 2277; x_wconf 59' lang='lat' dir='ltr'><strong>ignoto.-</strong></span> <span class='ocrx_word' id='word_1_218' title='bbox 441 2218 494 2266; x_wconf 78' lang='lat' dir='ltr'><strong>quas</strong></span> <span class='ocrx_word' id='word_1_219' title='bbox 504 2203 573 2277; x_wconf 68' lang='lat' dir='ltr'><strong>verbo</strong></span> <span class='ocrx_word' id='word_1_220' title='bbox 583 2202 749 2313; x_wconf 51' lang='lat' dir='ltr'><strong>mumpiqiss</strong></span> <span class='ocrx_word' id='word_1_221' title='bbox 819 2200 870 2247; x_wconf 85' lang='lat' dir='ltr'><strong>mit.</strong></span> <span class='ocrx_word' id='word_1_222' title='bbox 883 2200 921 2246; x_wconf 83' lang='grc'><strong>15.</strong></span> <span class='ocrx_word' id='word_1_223' title='bbox 943 2202 1097 2277; x_wconf 53' lang='lat' dir='ltr'><strong>pinnensem,</strong></span> <span class='ocrx_word' id='word_1_224' title='bbox 1106 2204 1238 2277; x_wconf 61' lang='lat' dir='ltr'><strong>patruelem</strong></span> <span class='ocrx_word' id='word_1_225' title='bbox 1253 2218 1294 2247; x_wconf 87' lang='lat' dir='ltr'><strong>su·</strong></span> 
     </span>
     <span class='ocr_line' id='line_1_25' title="bbox 233 2264 1295 2395; baseline -0.002 -20"><span class='ocrx_word' id='word_1_226' title='bbox 233 2266 747 2395; x_wconf 43' lang='lat' dir='ltr'><strong>iniustitiis...</strong></span> <span class='ocrx_word' id='word_1_227' title='bbox 779 2264 1295 2389; x_wconf 47' lang='lat' dir='ltr'><strong>timidissimi</strong></span> 
     </span>
     <span class='ocr_line' id='line_1_26' title="bbox 222 2389 1296 2455; baseline 0 -16"><span class='ocrx_word' id='word_1_228' title='bbox 222 2392 296 2439; x_wconf 89' lang='lat' dir='ltr'><strong>-Mox</strong></span> <span class='ocrx_word' id='word_1_229' title='bbox 312 2392 439 2441; x_wconf 77' lang='lat' dir='ltr'><strong>Rhenanus</strong></span> <span class='ocrx_word' id='word_1_230' title='bbox 458 2394 483 2455; x_wconf 86' lang='lat' dir='ltr'><strong>(e</strong></span> <span class='ocrx_word' id='word_1_231' title='bbox 499 2390 574 2451; x_wconf 84' lang='lat' dir='ltr'><strong>Bud)</strong></span> <span class='ocrx_word' id='word_1_232' title='bbox 592 2400 615 2438; x_wconf 89' lang='lat' dir='ltr'><strong>et</strong></span> <span class='ocrx_word' id='word_1_233' title='bbox 633 2390 749 2439; x_wconf 81' lang='lat' dir='ltr'><strong>Dtmesius</strong></span> <span class='ocrx_word' id='word_1_234' title='bbox 779 2389 816 2437; x_wconf 80' lang='lat' dir='ltr'><strong>vel</strong></span> <span class='ocrx_word' id='word_1_235' title='bbox 833 2392 940 2450; x_wconf 59' lang='lat' dir='ltr'><strong>ignom</strong></span> <span class='ocrx_word' id='word_1_236' title='bbox 956 2404 1003 2437; x_wconf 86' lang='lat' dir='ltr'><strong>non</strong></span> <span class='ocrx_word' id='word_1_237' title='bbox 1017 2390 1170 2438; x_wconf 79' lang='lat' dir='ltr'><strong>neeessariam</strong></span> <span class='ocrx_word' id='word_1_238' title='bbox 1186 2402 1252 2455; x_wconf 88' lang='lat' dir='ltr'><strong>puto,</strong></span> <span class='ocrx_word' id='word_1_239' title='bbox 1269 2401 1296 2439; x_wconf 91' lang='lat' dir='ltr'><strong>ut</strong></span> 
     </span>
     <span class='ocr_line' id='line_1_27' title="bbox 222 2453 1159 2520; baseline -0.002 -16"><span class='ocrx_word' id='word_1_240' title='bbox 222 2458 340 2504; x_wconf 85' lang='lat' dir='ltr'><strong>-volebant</strong></span> <span class='ocrx_word' id='word_1_241' title='bbox 347 2460 374 2504; x_wconf 86' lang='lat' dir='ltr'><strong>in</strong></span> <span class='ocrx_word' id='word_1_242' title='bbox 380 2456 626 2520; x_wconf 81' lang='lat' dir='ltr'><strong>condemArsncnicsn,</strong></span> <span class='ocrx_word' id='word_1_243' title='bbox 632 2453 695 2517; x_wconf 90' lang='lat' dir='ltr'><strong>quod</strong></span> <span class='ocrx_word' id='word_1_244' title='bbox 701 2468 748 2503; x_wconf 90' lang='lat' dir='ltr'><strong>non</strong></span> <span class='ocrx_word' id='word_1_245' title='bbox 778 2453 849 2501; x_wconf 75' lang='lat' dir='ltr'><strong>etius</strong></span> <span class='ocrx_word' id='word_1_246' title='bbox 859 2454 934 2501; x_wconf 82' lang='lat' dir='ltr'><strong>visum</strong></span> <span class='ocrx_word' id='word_1_247' title='bbox 945 2454 1069 2502; x_wconf 82' lang='lat' dir='ltr'><strong>Gronosio.</strong></span> <span class='ocrx_word' id='word_1_248' title='bbox 1085 2453 1159 2502; x_wconf 70' lang='lat' dir='ltr'><strong>Ense.</strong></span> 
     </span>
     <span class='ocr_line' id='line_1_28' title="bbox 223 2517 1296 2582; baseline 0.001 -16"><span class='ocrx_word' id='word_1_249' title='bbox 223 2521 312 2582; x_wconf 85' lang='lat' dir='ltr'><strong>·probo.</strong></span> <span class='ocrx_word' id='word_1_250' title='bbox 339 2522 410 2568; x_wconf 71' lang='lat' dir='ltr'><strong>Eure.</strong></span> <span class='ocrx_word' id='word_1_251' title='bbox 442 2520 496 2582; x_wconf 89' lang='lat' dir='ltr'><strong>Bip.</strong></span> <span class='ocrx_word' id='word_1_252' title='bbox 509 2519 535 2566; x_wconf 87' lang='lat' dir='ltr'><strong>J.</strong></span> <span class='ocrx_word' id='word_1_253' title='bbox 551 2518 590 2564; x_wconf 81' lang='lat' dir='ltr'><strong>Fr.</strong></span> <span class='ocrx_word' id='word_1_254' title='bbox 604 2517 748 2566; x_wconf 84' lang='lat' dir='ltr'><strong>Gronovium</strong></span> <span class='ocrx_word' id='word_1_255' title='bbox 814 2519 876 2565; x_wconf 78' lang='lat' dir='ltr'><strong>Cum</strong></span> <span class='ocrx_word' id='word_1_256' title='bbox 888 2520 998 2580; x_wconf 71' lang='lat' dir='ltr'><strong>priamus</strong></span> <span class='ocrx_word' id='word_1_257' title='bbox 1009 2519 1078 2581; x_wconf 84' lang='lat' dir='ltr'><strong>oiim]</strong></span> <span class='ocrx_word' id='word_1_258' title='bbox 1107 2517 1224 2581; x_wconf 84' lang='lat' dir='ltr'><strong>Deprecor</strong></span> <span class='ocrx_word' id='word_1_259' title='bbox 1235 2518 1296 2567; x_wconf 83' lang='lat' dir='ltr'><strong>invi·</strong></span> 
     </span>
     <span class='ocr_line' id='line_1_29' title="bbox 233 2579 1295 2654; baseline 0.001 -25"><span class='ocrx_word' id='word_1_260' title='bbox 233 2584 318 2631; x_wconf 81' lang='lat' dir='ltr'><strong>t’rustra</strong></span> <span class='ocrx_word' id='word_1_261' title='bbox 328 2583 408 2648; x_wconf 83' lang='lat' dir='ltr'><strong>Lipsio</strong></span> <span class='ocrx_word' id='word_1_262' title='bbox 417 2597 545 2646; x_wconf 80' lang='lat' dir='ltr'><strong>repugnare</strong></span> <span class='ocrx_word' id='word_1_263' title='bbox 553 2581 663 2642; x_wconf 81' lang='lat' dir='ltr'><strong>judicant</strong></span> <span class='ocrx_word' id='word_1_264' title='bbox 693 2581 747 2628; x_wconf 91' lang='lat' dir='ltr'><strong>Hil-</strong></span> <span class='ocrx_word' id='word_1_265' title='bbox 779 2579 856 2628; x_wconf 80' lang='lat' dir='ltr'><strong>dismt</strong></span> <span class='ocrx_word' id='word_1_266' title='bbox 876 2580 1026 2654; x_wconf 76' lang='lat' dir='ltr'><strong>sedprofeoto</strong></span> <span class='ocrx_word' id='word_1_267' title='bbox 1036 2581 1193 2640; x_wconf 73' lang='lat' dir='ltr'><strong>basclorum,</strong></span> <span class='ocrx_word' id='word_1_268' title='bbox 1205 2583 1295 2645; x_wconf 80' lang='lat' dir='ltr'><strong>siquem</strong></span> 
     </span>
     <span class='ocr_line' id='line_1_30' title="bbox 232 2644 1295 2709; baseline -0.001 -16"><span class='ocrx_word' id='word_1_269' title='bbox 232 2647 272 2693; x_wconf 86' lang='lat' dir='ltr'><strong>ler.</strong></span> <span class='ocrx_word' id='word_1_270' title='bbox 285 2647 342 2696; x_wconf 83' lang='lat' dir='ltr'><strong>Rae.</strong></span> <span class='ocrx_word' id='word_1_271' title='bbox 353 2648 392 2694; x_wconf 79' lang='lat' dir='ltr'><strong>tto.</strong></span> <span class='ocrx_word' id='word_1_272' title='bbox 404 2647 485 2694; x_wconf 80' lang='lat' dir='ltr'><strong>suadet</strong></span> <span class='ocrx_word' id='word_1_273' title='bbox 495 2646 539 2709; x_wconf 82' lang='lat' dir='ltr'><strong>leg.</strong></span> <span class='ocrx_word' id='word_1_274' title='bbox 551 2646 652 2692; x_wconf 84' lang='lat' dir='ltr'><strong>omnino.</strong></span> <span class='ocrx_word' id='word_1_275' title='bbox 681 2644 745 2693; x_wconf 91' lang='lat' dir='ltr'><strong>Bud.</strong></span> <span class='ocrx_word' id='word_1_276' title='bbox 778 2644 860 2702; x_wconf 77' lang='lat' dir='ltr'><strong>dium,</strong></span> <span class='ocrx_word' id='word_1_277' title='bbox 870 2644 973 2707; x_wconf 78' lang='lat' dir='ltr'><strong>propitiis</strong></span> <span class='ocrx_word' id='word_1_278' title='bbox 985 2644 1062 2692; x_wconf 83' lang='lat' dir='ltr'><strong>Musis</strong></span> <span class='ocrx_word' id='word_1_279' title='bbox 1073 2644 1170 2704; x_wconf 88' lang='lat' dir='ltr'><strong>restitui,</strong></span> <span class='ocrx_word' id='word_1_280' title='bbox 1185 2645 1229 2692; x_wconf 84' lang='lat' dir='ltr'><strong>hoc</strong></span> <span class='ocrx_word' id='word_1_281' title='bbox 1244 2660 1295 2692; x_wconf 88' lang='lat' dir='ltr'><strong>mo-</strong></span> 
     </span>
     <span class='ocr_line' id='line_1_31' title="bbox 232 2707 1296 2770; baseline 0 -14"><span class='ocrx_word' id='word_1_282' title='bbox 232 2725 248 2756; x_wconf 85' lang='lat' dir='ltr'><strong>s</strong></span> <span class='ocrx_word' id='word_1_283' title='bbox 260 2711 281 2757; x_wconf 88' lang='lat' dir='ltr'><strong>l.</strong></span> <span class='ocrx_word' id='word_1_284' title='bbox 292 2718 447 2758; x_wconf 78' lang='lat' dir='ltr'><strong>m&#39;stcrnuns.</strong></span> <span class='ocrx_word' id='word_1_285' title='bbox 778 2707 823 2754; x_wconf 84' lang='lat' dir='ltr'><strong>do:</strong></span> <span class='ocrx_word' id='word_1_286' title='bbox 842 2709 905 2756; x_wconf 82' lang='lat' dir='ltr'><strong>Cum</strong></span> <span class='ocrx_word' id='word_1_287' title='bbox 919 2711 1033 2770; x_wconf 65' lang='lat' dir='ltr'><strong>privam</strong></span> <span class='ocrx_word' id='word_1_288' title='bbox 1050 2711 1107 2755; x_wconf 84' lang='lat' dir='ltr'><strong>olins</strong></span> <span class='ocrx_word' id='word_1_289' title='bbox 1123 2711 1296 2756; x_wconf 68' lang='lat' dir='ltr'><strong>convocatione</strong></span> 
     </span>
     <span class='ocr_line' id='line_1_32' title="bbox 271 2773 1296 2838; baseline -0.001 -17"><span class='ocrx_word' id='word_1_290' title='bbox 271 2775 298 2821; x_wconf 80' lang='lat' dir='ltr'><strong>Si</strong></span> <span class='ocrx_word' id='word_1_291' title='bbox 308 2789 361 2822; x_wconf 89' lang='lat' dir='ltr'><strong>cum</strong></span> <span class='ocrx_word' id='word_1_292' title='bbox 375 2777 454 2836; x_wconf 79' lang='lat' dir='ltr'><strong>glorio</strong></span> <span class='ocrx_word' id='word_1_293' title='bbox 463 2773 571 2838; x_wconf 70' lang='lat' dir='ltr'><strong>adeptus]</strong></span> <span class='ocrx_word' id='word_1_294' title='bbox 604 2773 684 2822; x_wconf 73' lang='lat' dir='ltr'><strong>Scniso</strong></span> <span class='ocrx_word' id='word_1_295' title='bbox 699 2773 748 2822; x_wconf 81' lang='lat' dir='ltr'><strong>haee</strong></span> <span class='ocrx_word' id='word_1_296' title='bbox 778 2785 917 2818; x_wconf 85' lang='lat' dir='ltr'><strong>scurrarum</strong></span> <span class='ocrx_word' id='word_1_297' title='bbox 928 2773 990 2818; x_wconf 82' lang='lat' dir='ltr'><strong>iners</strong></span> <span class='ocrx_word' id='word_1_298' title='bbox 998 2775 1072 2829; x_wconf 85' lang='lat' dir='ltr'><strong>otium</strong></span> <span class='ocrx_word' id='word_1_299' title='bbox 1080 2773 1296 2820; x_wconf 63' lang='lat' dir='ltr'><strong>ductortuus.</strong></span> 
     </span>
     <span class='ocr_line' id='line_1_33' title="bbox 231 2835 1295 2899; baseline -0.001 -14"><span class='ocrx_word' id='word_1_300' title='bbox 231 2837 324 2885; x_wconf 81' lang='lat' dir='ltr'><strong>omnia:</strong></span> <span class='ocrx_word' id='word_1_301' title='bbox 342 2845 427 2899; x_wconf 83' lang='lat' dir='ltr'><strong>quanto</strong></span> <span class='ocrx_word' id='word_1_302' title='bbox 440 2839 466 2886; x_wconf 84' lang='lat' dir='ltr'><strong>id</strong></span> <span class='ocrx_word' id='word_1_303' title='bbox 476 2840 554 2898; x_wconf 75' lang='lat' dir='ltr'><strong>nugis</strong></span> <span class='ocrx_word' id='word_1_304' title='bbox 568 2853 597 2885; x_wconf 80' lang='lat' dir='ltr'><strong>cn</strong></span> <span class='ocrx_word' id='word_1_305' title='bbox 612 2852 665 2895; x_wconf 85' lang='lat' dir='ltr'><strong>usu,</strong></span> <span class='ocrx_word' id='word_1_306' title='bbox 677 2853 748 2898; x_wconf 85' lang='lat' dir='ltr'><strong>quum</strong></span> <span class='ocrx_word' id='word_1_307' title='bbox 779 2835 831 2882; x_wconf 89' lang='lat' dir='ltr'><strong>dius</strong></span> <span class='ocrx_word' id='word_1_308' title='bbox 841 2844 895 2882; x_wconf 74' lang='lat' dir='ltr'><strong>ante</strong></span> <span class='ocrx_word' id='word_1_309' title='bbox 905 2835 1028 2897; x_wconf 83' lang='lat' dir='ltr'><strong>imperium</strong></span> <span class='ocrx_word' id='word_1_310' title='bbox 1039 2837 1099 2894; x_wconf 79' lang='lat' dir='ltr'><strong>vilis,</strong></span> <span class='ocrx_word' id='word_1_311' title='bbox 1109 2837 1221 2896; x_wconf 84' lang='lat' dir='ltr'><strong>abjectus,</strong></span> <span class='ocrx_word' id='word_1_312' title='bbox 1232 2853 1295 2884; x_wconf 87' lang='lat' dir='ltr'><strong>scur-</strong></span> 
     </span>
     <span class='ocr_line' id='line_1_34' title="bbox 219 2897 1292 2964; baseline 0 -16"><span class='ocrx_word' id='word_1_313' title='bbox 219 2902 314 2948; x_wconf 82' lang='lat' dir='ltr'><strong>·sicum</strong></span> <span class='ocrx_word' id='word_1_314' title='bbox 323 2904 401 2963; x_wconf 81' lang='lat' dir='ltr'><strong>glasia</strong></span> <span class='ocrx_word' id='word_1_315' title='bbox 413 2901 626 2964; x_wconf 72' lang='lat' dir='ltr'><strong>adcmptcsorenti</strong></span> <span class='ocrx_word' id='word_1_316' title='bbox 644 2901 678 2948; x_wconf 79' lang='lat' dir='ltr'><strong>At</strong></span> <span class='ocrx_word' id='word_1_317' title='bbox 686 2915 749 2948; x_wconf 87' lang='lat' dir='ltr'><strong>nunc</strong></span> <span class='ocrx_word' id='word_1_318' title='bbox 779 2897 811 2946; x_wconf 86' lang='lat' dir='ltr'><strong>ris</strong></span> <span class='ocrx_word' id='word_1_319' title='bbox 827 2906 850 2945; x_wconf 90' lang='lat' dir='ltr'><strong>et</strong></span> <span class='ocrx_word' id='word_1_320' title='bbox 860 2897 1022 2946; x_wconf 84' lang='lat' dir='ltr'><strong>sordidissimis</strong></span> <span class='ocrx_word' id='word_1_321' title='bbox 1031 2899 1165 2948; x_wconf 85' lang='lat' dir='ltr'><strong>hominibus</strong></span> <span class='ocrx_word' id='word_1_322' title='bbox 1175 2901 1292 2948; x_wconf 66' lang='lat' dir='ltr'><strong>conum:</strong></span> 
     </span>
     <span class='ocr_line' id='line_1_35' title="bbox 232 2963 1295 3026; baseline 0 -16"><span class='ocrx_word' id='word_1_323' title='bbox 232 2964 333 3026; x_wconf 88' lang='lat' dir='ltr'><strong>(ultimis</strong></span> <span class='ocrx_word' id='word_1_324' title='bbox 352 2963 422 3025; x_wconf 88' lang='lat' dir='ltr'><strong>curis)</strong></span> <span class='ocrx_word' id='word_1_325' title='bbox 441 2965 514 3023; x_wconf 83' lang='lat' dir='ltr'><strong>video,</strong></span> <span class='ocrx_word' id='word_1_326' title='bbox 534 2963 648 3026; x_wconf 84' lang='lat' dir='ltr'><strong>explicare</strong></span> <span class='ocrx_word' id='word_1_327' title='bbox 666 2963 748 3011; x_wconf 87' lang='lat' dir='ltr'><strong>Piche-</strong></span> <span class='ocrx_word' id='word_1_328' title='bbox 778 2976 792 3008; x_wconf 84' lang='lat' dir='ltr'><strong>s</strong></span> <span class='ocrx_word' id='word_1_329' title='bbox 813 2976 913 3022; x_wconf 87' lang='lat' dir='ltr'><strong>quorum</strong></span> <span class='ocrx_word' id='word_1_330' title='bbox 934 2964 1081 3009; x_wconf 78' lang='lat' dir='ltr'><strong>contubernio</strong></span> <span class='ocrx_word' id='word_1_331' title='bbox 1104 2978 1174 3023; x_wconf 81' lang='lat' dir='ltr'><strong>super</strong></span> <span class='ocrx_word' id='word_1_332' title='bbox 1196 2971 1295 3010; x_wconf 80' lang='lat' dir='ltr'><strong>ueterem</strong></span> 
     </span>
     <span class='ocr_line' id='line_1_36' title="bbox 233 3027 1296 3090; baseline 0 -16"><span class='ocrx_word' id='word_1_333' title='bbox 233 3040 288 3074; x_wconf 81' lang='lat' dir='ltr'><strong>nam</strong></span> <span class='ocrx_word' id='word_1_334' title='bbox 299 3029 362 3090; x_wconf 90' lang='lat' dir='ltr'><strong>quod</strong></span> <span class='ocrx_word' id='word_1_335' title='bbox 372 3028 492 3090; x_wconf 81' lang='lat' dir='ltr'><strong>vulgatum</strong></span> <span class='ocrx_word' id='word_1_336' title='bbox 504 3035 552 3074; x_wconf 81' lang='lat' dir='ltr'><strong>est:</strong></span> <span class='ocrx_word' id='word_1_337' title='bbox 570 3027 649 3090; x_wconf 78' lang='lat' dir='ltr'><strong>Magis</strong></span> <span class='ocrx_word' id='word_1_338' title='bbox 664 3028 708 3074; x_wconf 87' lang='lat' dir='ltr'><strong>hoo</strong></span> <span class='ocrx_word' id='word_1_339' title='bbox 718 3042 748 3076; x_wconf 85' lang='lat' dir='ltr'><strong>ex</strong></span> <span class='ocrx_word' id='word_1_340' title='bbox 779 3027 887 3085; x_wconf 81' lang='lat' dir='ltr'><strong>segssitiae</strong></span> <span class='ocrx_word' id='word_1_341' title='bbox 893 3031 980 3084; x_wconf 82' lang='lat' dir='ltr'><strong>notans,</strong></span> <span class='ocrx_word' id='word_1_342' title='bbox 988 3027 1105 3073; x_wconf 73' lang='lat' dir='ltr'><strong>ebrietatis</strong></span> <span class='ocrx_word' id='word_1_343' title='bbox 1115 3034 1233 3086; x_wconf 77' lang='lat' dir='ltr'><strong>quoquest</strong></span> <span class='ocrx_word' id='word_1_344' title='bbox 1241 3029 1296 3074; x_wconf 74' lang='lat' dir='ltr'><strong>olere</strong></span> 
     </span>
     <span class='ocr_line' id='line_1_37' title="bbox 232 3088 1296 3153; baseline 0 -15"><span class='ocrx_word' id='word_1_345' title='bbox 232 3106 277 3138; x_wconf 86' lang='lat' dir='ltr'><strong>usu</strong></span> <span class='ocrx_word' id='word_1_346' title='bbox 293 3091 410 3150; x_wconf 63' lang='lat' dir='ltr'><strong>fflmsno,</strong></span> <span class='ocrx_word' id='word_1_347' title='bbox 426 3091 514 3139; x_wconf 85' lang='lat' dir='ltr'><strong>sicum</strong></span> <span class='ocrx_word' id='word_1_348' title='bbox 529 3090 634 3148; x_wconf 79' lang='lat' dir='ltr'><strong>infamis,</strong></span> <span class='ocrx_word' id='word_1_349' title='bbox 645 3105 715 3153; x_wconf 83' lang='lat' dir='ltr'><strong>quam</strong></span> <span class='ocrx_word' id='word_1_350' title='bbox 730 3091 749 3137; x_wconf 89' lang='lat' dir='ltr'><strong>si</strong></span> <span class='ocrx_word' id='word_1_351' title='bbox 768 3090 907 3150; x_wconf 76' lang='lat' dir='ltr'><strong>infamiam</strong></span> <span class='ocrx_word' id='word_1_352' title='bbox 922 3090 1003 3147; x_wconf 74' lang='lat' dir='ltr'><strong>subiit,</strong></span> <span class='ocrx_word' id='word_1_353' title='bbox 1019 3088 1053 3134; x_wconf 80' lang='lat' dir='ltr'><strong>uit</strong></span> <span class='ocrx_word' id='word_1_354' title='bbox 1066 3090 1162 3137; x_wconf 84' lang='lat' dir='ltr'><strong>Sueton.</strong></span> <span class='ocrx_word' id='word_1_355' title='bbox 1175 3092 1198 3135; x_wconf 86' lang='grc'><strong>5.</strong></span> <span class='ocrx_word' id='word_1_356' title='bbox 1231 3091 1296 3138; x_wconf 85' lang='lat' dir='ltr'><strong>Inter</strong></span> 
     </span>
     <span class='ocr_line' id='line_1_38' title="bbox 233 3151 1295 3216; baseline 0.002 -16"><span class='ocrx_word' id='word_1_357' title='bbox 233 3169 287 3201; x_wconf 83' lang='lat' dir='ltr'><strong>eum</strong></span> <span class='ocrx_word' id='word_1_358' title='bbox 302 3154 376 3216; x_wconf 82' lang='lat' dir='ltr'><strong>gloria</strong></span> <span class='ocrx_word' id='word_1_359' title='bbox 392 3169 489 3216; x_wconf 81' lang='lat' dir='ltr'><strong>regnum</strong></span> <span class='ocrx_word' id='word_1_360' title='bbox 506 3154 617 3216; x_wconf 84' lang='lat' dir='ltr'><strong>adeptus;</strong></span> <span class='ocrx_word' id='word_1_361' title='bbox 634 3153 689 3216; x_wconf 85' lang='lat' dir='ltr'><strong>quis</strong></span> <span class='ocrx_word' id='word_1_362' title='bbox 705 3153 748 3200; x_wconf 86' lang='lat' dir='ltr'><strong>soi-</strong></span> <span class='ocrx_word' id='word_1_363' title='bbox 780 3165 818 3198; x_wconf 87' lang='lat' dir='ltr'><strong>eos</strong></span> <span class='ocrx_word' id='word_1_364' title='bbox 828 3152 866 3199; x_wconf 88' lang='lat' dir='ltr'><strong>hic</strong></span> <span class='ocrx_word' id='word_1_365' title='bbox 878 3152 997 3214; x_wconf 79' lang='lat' dir='ltr'><strong>Pelignus.</strong></span> <span class='ocrx_word' id='word_1_366' title='bbox 1013 3151 1080 3199; x_wconf 72' lang='lat' dir='ltr'><strong>luisti</strong></span> <span class='ocrx_word' id='word_1_367' title='bbox 1090 3161 1185 3212; x_wconf 85' lang='lat' dir='ltr'><strong>veteres,</strong></span> <span class='ocrx_word' id='word_1_368' title='bbox 1196 3168 1295 3216; x_wconf 87' lang='lat' dir='ltr'><strong>quoram</strong></span> 
     </span>
     <span class='ocr_line' id='line_1_39' title="bbox 221 3215 1296 3278; baseline 0.002 -15"><span class='ocrx_word' id='word_1_369' title='bbox 221 3216 286 3264; x_wconf 87' lang='lat' dir='ltr'><strong>-licet</strong></span> <span class='ocrx_word' id='word_1_370' title='bbox 307 3218 412 3266; x_wconf 82' lang='lat' dir='ltr'><strong>incertior</strong></span> <span class='ocrx_word' id='word_1_371' title='bbox 431 3217 531 3276; x_wconf 70' lang='lat' dir='ltr'><strong>tutonis,</strong></span> <span class='ocrx_word' id='word_1_372' title='bbox 550 3216 653 3278; x_wconf 86' lang='lat' dir='ltr'><strong>odiisque</strong></span> <span class='ocrx_word' id='word_1_373' title='bbox 673 3216 748 3278; x_wconf 81' lang='lat' dir='ltr'><strong>magis</strong></span> <span class='ocrx_word' id='word_1_374' title='bbox 780 3215 876 3277; x_wconf 78' lang='lat' dir='ltr'><strong>vestigia</strong></span> <span class='ocrx_word' id='word_1_375' title='bbox 896 3215 977 3271; x_wconf 85' lang='lat' dir='ltr'><strong>institi,</strong></span> <span class='ocrx_word' id='word_1_376' title='bbox 999 3215 1093 3276; x_wconf 85' lang='lat' dir='ltr'><strong>habent,</strong></span> <span class='ocrx_word' id='word_1_377' title='bbox 1117 3231 1171 3263; x_wconf 85' lang='lat' dir='ltr'><strong>cum</strong></span> <span class='ocrx_word' id='word_1_378' title='bbox 1189 3219 1296 3278; x_wconf 78' lang='lat' dir='ltr'><strong>privatis</strong></span> 
     </span>
     <span class='ocr_line' id='line_1_40' title="bbox 232 3279 1295 3340; baseline 0.001 -13"><span class='ocrx_word' id='word_1_379' title='bbox 232 3280 355 3328; x_wconf 85' lang='lat' dir='ltr'><strong>obnoxius.</strong></span> <span class='ocrx_word' id='word_1_380' title='bbox 383 3279 636 3328; x_wconf 79' lang='lat' dir='ltr'><strong>Nondamno.L1rs.</strong></span> <span class='ocrx_word' id='word_1_381' title='bbox 664 3280 749 3327; x_wconf 77' lang='lat' dir='ltr'><strong>Paullo</strong></span> <span class='ocrx_word' id='word_1_382' title='bbox 779 3280 836 3324; x_wconf 83' lang='lat' dir='ltr'><strong>oiim</strong></span> <span class='ocrx_word' id='word_1_383' title='bbox 847 3281 1028 3326; x_wconf 70' lang='lat' dir='ltr'><strong>convnsaticncs</strong></span> <span class='ocrx_word' id='word_1_384' title='bbox 1037 3287 1140 3340; x_wconf 82' lang='lat' dir='ltr'><strong>curaret,</strong></span> <span class='ocrx_word' id='word_1_385' title='bbox 1149 3283 1295 3328; x_wconf 68' lang='lat' dir='ltr'><strong>incisorium</strong></span> 
     </span>
     <span class='ocr_line' id='line_1_41' title="bbox 276 3342 1295 3407; baseline 0.001 -17"><span class='ocrx_word' id='word_1_386' title='bbox 276 3353 286 3390; x_wconf 94' lang='lat' dir='ltr'><strong>t</strong></span> <span class='ocrx_word' id='word_1_387' title='bbox 307 3343 362 3391; x_wconf 83' lang='lat' dir='ltr'><strong>MS.</strong></span> <span class='ocrx_word' id='word_1_388' title='bbox 380 3345 417 3392; x_wconf 81' lang='lat' dir='ltr'><strong>Fi.</strong></span> <span class='ocrx_word' id='word_1_389' title='bbox 433 3345 527 3407; x_wconf 79' lang='lat' dir='ltr'><strong>juberet</strong></span> <span class='ocrx_word' id='word_1_390' title='bbox 544 3359 588 3406; x_wconf 90' lang='lat' dir='ltr'><strong>pro</strong></span> <span class='ocrx_word' id='word_1_391' title='bbox 602 3345 748 3404; x_wconf 72' lang='lat' dir='ltr'><strong>preciperet.</strong></span> <span class='ocrx_word' id='word_1_392' title='bbox 780 3343 917 3405; x_wconf 55' lang='lat' dir='ltr'><strong>offensu:</strong></span> <span class='ocrx_word' id='word_1_393' title='bbox 940 3356 1002 3390; x_wconf 86' lang='lat' dir='ltr'><strong>unus</strong></span> <span class='ocrx_word' id='word_1_394' title='bbox 1018 3342 1126 3391; x_wconf 76' lang='lat' dir='ltr'><strong>Votieno.</strong></span> <span class='ocrx_word' id='word_1_395' title='bbox 1144 3348 1295 3403; x_wconf 68' lang='lat' dir='ltr'><strong>assertiones,</strong></span> 
     </span>
     <span class='ocr_line' id='line_1_42' title="bbox 232 3359 1296 3470; baseline 0.003 -16"><span class='ocrx_word' id='word_1_396' title='bbox 232 3359 304 3454; x_wconf 53' lang='grc'><strong>110111.</strong></span> <span class='ocrx_word' id='word_1_397' title='bbox 337 3407 399 3455; x_wconf 89' lang='lat' dir='ltr'><strong>Bud.</strong></span> <span class='ocrx_word' id='word_1_398' title='bbox 412 3409 559 3469; x_wconf 76' lang='lat' dir='ltr'><strong>preciperet.</strong></span> <span class='ocrx_word' id='word_1_399' title='bbox 594 3405 649 3470; x_wconf 84' lang='lat' dir='ltr'><strong>Bip.</strong></span> <span class='ocrx_word' id='word_1_400' title='bbox 667 3407 748 3470; x_wconf 74' lang='lat' dir='ltr'><strong>prefe-</strong></span> <span class='ocrx_word' id='word_1_401' title='bbox 780 3420 822 3468; x_wconf 89' lang='lat' dir='ltr'><strong>pro</strong></span> <span class='ocrx_word' id='word_1_402' title='bbox 840 3408 1029 3454; x_wconf 78' lang='lat' dir='ltr'><strong>conversationes.</strong></span> <span class='ocrx_word' id='word_1_403' title='bbox 1056 3407 1132 3454; x_wconf 80' lang='lat' dir='ltr'><strong>Inrs.</strong></span> <span class='ocrx_word' id='word_1_404' title='bbox 1167 3409 1296 3457; x_wconf 68' lang='lat' dir='ltr'><strong>oblectant</strong></span> 
     </span>
     <span class='ocr_line' id='line_1_43' title="bbox 232 3468 1295 3534; baseline 0.002 -17"><span class='ocrx_word' id='word_1_405' title='bbox 232 3478 287 3517; x_wconf 86' lang='lat' dir='ltr'><strong>runt</strong></span> <span class='ocrx_word' id='word_1_406' title='bbox 296 3471 405 3532; x_wconf 74' lang='lat' dir='ltr'><strong>juberet:</strong></span> <span class='ocrx_word' id='word_1_407' title='bbox 422 3484 505 3533; x_wconf 79' lang='lat' dir='ltr'><strong>porum</strong></span> <span class='ocrx_word' id='word_1_408' title='bbox 515 3469 614 3516; x_wconf 76' lang='lat' dir='ltr'><strong>interest.</strong></span> <span class='ocrx_word' id='word_1_409' title='bbox 779 3477 858 3516; x_wconf 71' lang='lat' dir='ltr'><strong>tannen</strong></span> <span class='ocrx_word' id='word_1_410' title='bbox 868 3468 934 3517; x_wconf 86' lang='lat' dir='ltr'><strong>oodd.</strong></span> <span class='ocrx_word' id='word_1_411' title='bbox 946 3469 1008 3517; x_wconf 86' lang='lat' dir='ltr'><strong>Flor.</strong></span> <span class='ocrx_word' id='word_1_412' title='bbox 1021 3470 1102 3519; x_wconf 82' lang='lat' dir='ltr'><strong>Guelf.</strong></span> <span class='ocrx_word' id='word_1_413' title='bbox 1111 3471 1171 3534; x_wconf 76' lang='lat' dir='ltr'><strong>lieg-</strong></span> <span class='ocrx_word' id='word_1_414' title='bbox 1183 3471 1235 3519; x_wconf 85' lang='lat' dir='ltr'><strong>edd.</strong></span> <span class='ocrx_word' id='word_1_415' title='bbox 1246 3473 1295 3520; x_wconf 88' lang='lat' dir='ltr'><strong>Pu-</strong></span> 
     </span>
     <span class='ocr_line' id='line_1_44' title="bbox 264 3530 1294 3597; baseline 0.004 -17"><span class='ocrx_word' id='word_1_416' title='bbox 264 3535 404 3581; x_wconf 82' lang='lat' dir='ltr'><strong>Dcridiculo</strong></span> <span class='ocrx_word' id='word_1_417' title='bbox 414 3535 517 3596; x_wconf 83' lang='lat' dir='ltr'><strong>corporis</strong></span> <span class='ocrx_word' id='word_1_418' title='bbox 521 3537 595 3596; x_wconf 79' lang='lat' dir='ltr'><strong>justo</strong></span> <span class='ocrx_word' id='word_1_419' title='bbox 605 3535 747 3595; x_wconf 81' lang='lat' dir='ltr'><strong>conspicien-</strong></span> <span class='ocrx_word' id='word_1_420' title='bbox 780 3532 834 3579; x_wconf 86' lang='lat' dir='ltr'><strong>teol.</strong></span> <span class='ocrx_word' id='word_1_421' title='bbox 846 3531 911 3580; x_wconf 84' lang='lat' dir='ltr'><strong>Rivii</strong></span> <span class='ocrx_word' id='word_1_422' title='bbox 927 3541 968 3580; x_wconf 77' lang='lat' dir='ltr'><strong>etc.</strong></span> <span class='ocrx_word' id='word_1_423' title='bbox 986 3530 1107 3594; x_wconf 56' lang='lat' dir='ltr'><strong>objectores</strong></span> <span class='ocrx_word' id='word_1_424' title='bbox 1123 3535 1161 3583; x_wconf 89' lang='lat' dir='ltr'><strong>ed.</strong></span> <span class='ocrx_word' id='word_1_425' title='bbox 1178 3551 1213 3597; x_wconf 85' lang='lat' dir='ltr'><strong>pr·</strong></span> <span class='ocrx_word' id='word_1_426' title='bbox 1246 3536 1294 3584; x_wconf 86' lang='lat' dir='ltr'><strong>Ve-</strong></span> 
     </span>
     <span class='ocr_line' id='line_1_45' title="bbox 232 3595 1296 3662; baseline 0.003 -18"><span class='ocrx_word' id='word_1_427' title='bbox 232 3599 289 3661; x_wconf 89' lang='lat' dir='ltr'><strong>dus]</strong></span> <span class='ocrx_word' id='word_1_428' title='bbox 313 3595 510 3655; x_wconf 68' lang='lat' dir='ltr'><strong>Mnomturhie,</strong></span> <span class='ocrx_word' id='word_1_429' title='bbox 520 3595 582 3659; x_wconf 86' lang='lat' dir='ltr'><strong>quod</strong></span> <span class='ocrx_word' id='word_1_430' title='bbox 592 3596 687 3656; x_wconf 87' lang='lat' dir='ltr'><strong>nollem,</strong></span> <span class='ocrx_word' id='word_1_431' title='bbox 696 3597 749 3660; x_wconf 89' lang='lat' dir='ltr'><strong>qui-</strong></span> <span class='ocrx_word' id='word_1_432' title='bbox 779 3595 868 3643; x_wconf 82' lang='lat' dir='ltr'><strong>tissime</strong></span> <span class='ocrx_word' id='word_1_433' title='bbox 885 3596 1015 3644; x_wconf 68' lang='lat' dir='ltr'><strong>emendavit</strong></span> <span class='ocrx_word' id='word_1_434' title='bbox 1030 3598 1131 3661; x_wconf 79' lang='lat' dir='ltr'><strong>lipsius,</strong></span> <span class='ocrx_word' id='word_1_435' title='bbox 1147 3598 1218 3662; x_wconf 87' lang='lat' dir='ltr'><strong>idque</strong></span> <span class='ocrx_word' id='word_1_436' title='bbox 1236 3610 1296 3648; x_wconf 81' lang='lat' dir='ltr'><strong>recte</strong></span> 
     </span>
     <span class='ocr_line' id='line_1_46' title="bbox 232 3658 1295 3722; baseline 0.004 -15"><span class='ocrx_word' id='word_1_437' title='bbox 232 3663 277 3708; x_wconf 89' lang='lat' dir='ltr'><strong>bus</strong></span> <span class='ocrx_word' id='word_1_438' title='bbox 293 3660 402 3709; x_wconf 71' lang='lat' dir='ltr'><strong>Mssso</strong></span> <span class='ocrx_word' id='word_1_439' title='bbox 419 3659 509 3718; x_wconf 78' lang='lat' dir='ltr'><strong>isfuit,</strong></span> <span class='ocrx_word' id='word_1_440' title='bbox 524 3658 615 3706; x_wconf 86' lang='lat' dir='ltr'><strong>silentio</strong></span> <span class='ocrx_word' id='word_1_441' title='bbox 626 3659 748 3708; x_wconf 83' lang='lat' dir='ltr'><strong>transiisse.</strong></span> <span class='ocrx_word' id='word_1_442' title='bbox 779 3659 864 3721; x_wconf 82' lang='lat' dir='ltr'><strong>recepit</strong></span> <span class='ocrx_word' id='word_1_443' title='bbox 871 3658 976 3707; x_wconf 83' lang='lat' dir='ltr'><strong>Freinsh.</strong></span> <span class='ocrx_word' id='word_1_444' title='bbox 983 3663 1106 3722; x_wconf 82' lang='lat' dir='ltr'><strong>probatum</strong></span> <span class='ocrx_word' id='word_1_445' title='bbox 1116 3662 1295 3712; x_wconf 76' lang='lat' dir='ltr'><strong>etiamCsssub.</strong></span> 
     </span>
     <span class='ocr_line' id='line_1_47' title="bbox 233 3720 1295 3790; baseline 0.004 -20"><span class='ocrx_word' id='word_1_446' title='bbox 233 3723 381 3772; x_wconf 86' lang='lat' dir='ltr'><strong>Videosnim</strong></span> <span class='ocrx_word' id='word_1_447' title='bbox 421 3723 615 3770; x_wconf 83' lang='lat' dir='ltr'><strong>teriRhensnum</strong></span> <span class='ocrx_word' id='word_1_448' title='bbox 632 3738 656 3770; x_wconf 86' lang='lat' dir='ltr'><strong>se</strong></span> <span class='ocrx_word' id='word_1_449' title='bbox 669 3723 748 3772; x_wconf 75' lang='lat' dir='ltr'><strong>fecisse</strong></span> <span class='ocrx_word' id='word_1_450' title='bbox 780 3721 885 3770; x_wconf 85' lang='lat' dir='ltr'><strong>stuet.</strong></span> <span class='ocrx_word' id='word_1_451' title='bbox 893 3720 979 3770; x_wconf 74' lang='lat' dir='ltr'><strong>Claud.</strong></span> <span class='ocrx_word' id='word_1_452' title='bbox 988 3725 1012 3770; x_wconf 87' lang='grc'><strong>8.</strong></span> <span class='ocrx_word' id='word_1_453' title='bbox 1039 3725 1101 3772; x_wconf 86' lang='lat' dir='ltr'><strong>Mox</strong></span> <span class='ocrx_word' id='word_1_454' title='bbox 1113 3728 1229 3788; x_wconf 78' lang='lat' dir='ltr'><strong>Pelignus</strong></span> <span class='ocrx_word' id='word_1_455' title='bbox 1239 3742 1295 3790; x_wconf 83' lang='lat' dir='ltr'><strong>spu-</strong></span> 
     </span>
     <span class='ocr_line' id='line_1_48' title="bbox 232 3784 1296 3849; baseline 0.004 -15"><span class='ocrx_word' id='word_1_456' title='bbox 232 3788 398 3849; x_wconf 80' lang='lat' dir='ltr'><strong>dscpicicndos,</strong></span> <span class='ocrx_word' id='word_1_457' title='bbox 408 3787 474 3834; x_wconf 86' lang='lat' dir='ltr'><strong>nulls</strong></span> <span class='ocrx_word' id='word_1_458' title='bbox 487 3786 603 3834; x_wconf 78' lang='lat' dir='ltr'><strong>mentione</strong></span> <span class='ocrx_word' id='word_1_459' title='bbox 612 3795 665 3834; x_wconf 84' lang='lat' dir='ltr'><strong>vett.</strong></span> <span class='ocrx_word' id='word_1_460' title='bbox 677 3786 747 3835; x_wconf 84' lang='lat' dir='ltr'><strong>libro·</strong></span> <span class='ocrx_word' id='word_1_461' title='bbox 779 3784 842 3832; x_wconf 84' lang='lat' dir='ltr'><strong>rium</strong></span> <span class='ocrx_word' id='word_1_462' title='bbox 856 3801 913 3842; x_wconf 85' lang='lat' dir='ltr'><strong>esse,</strong></span> <span class='ocrx_word' id='word_1_463' title='bbox 924 3786 998 3833; x_wconf 87' lang='lat' dir='ltr'><strong>eidem</strong></span> <span class='ocrx_word' id='word_1_464' title='bbox 1009 3787 1167 3836; x_wconf 82' lang='lat' dir='ltr'><strong>Freinshesnio</strong></span> <span class='ocrx_word' id='word_1_465' title='bbox 1180 3791 1296 3838; x_wconf 66' lang='lat' dir='ltr'><strong>somnos.</strong></span> 
     </span>
     <span class='ocr_line' id='line_1_49' title="bbox 231 3847 1295 3920; baseline 0.004 -22"><span class='ocrx_word' id='word_1_466' title='bbox 231 3865 293 3898; x_wconf 86' lang='lat' dir='ltr'><strong>rum.</strong></span> <span class='ocrx_word' id='word_1_467' title='bbox 324 3851 356 3898; x_wconf 87' lang='lat' dir='ltr'><strong>In</strong></span> <span class='ocrx_word' id='word_1_468' title='bbox 368 3850 453 3920; x_wconf 85' lang='lat' dir='ltr'><strong>quibus</strong></span> <span class='ocrx_word' id='word_1_469' title='bbox 471 3849 491 3898; x_wconf 89' lang='lat' dir='ltr'><strong>si</strong></span> <span class='ocrx_word' id='word_1_470' title='bbox 505 3857 552 3897; x_wconf 86' lang='lat' dir='ltr'><strong>erat</strong></span> <span class='ocrx_word' id='word_1_471' title='bbox 566 3851 746 3911; x_wconf 45' lang='lat' dir='ltr'><strong>mouendus,</strong></span> <span class='ocrx_word' id='word_1_472' title='bbox 780 3847 861 3896; x_wconf 72' lang='lat' dir='ltr'><strong>uuam</strong></span> <span class='ocrx_word' id='word_1_473' title='bbox 875 3849 932 3899; x_wconf 73' lang='lat' dir='ltr'><strong>alibi</strong></span> <span class='ocrx_word' id='word_1_474' title='bbox 946 3849 979 3898; x_wconf 84' lang='lat' dir='ltr'><strong>sic</strong></span> <span class='ocrx_word' id='word_1_475' title='bbox 1127 3853 1152 3900; x_wconf 86' lang='lat' dir='ltr'><strong>in</strong></span> <span class='ocrx_word' id='word_1_476' title='bbox 1167 3853 1249 3900; x_wconf 78' lang='lat' dir='ltr'><strong>Tacito</strong></span> <span class='ocrx_word' id='word_1_477' title='bbox 1259 3855 1295 3902; x_wconf 81' lang='lat' dir='ltr'><strong>si-</strong></span> 
     </span>
     <span class='ocr_line' id='line_1_50' title="bbox 231 3911 1295 3978; baseline 0.003 -16"><span class='ocrx_word' id='word_1_478' title='bbox 231 3914 332 3978; x_wconf 82' lang='lat' dir='ltr'><strong>pml&#39;eoto</strong></span> <span class='ocrx_word' id='word_1_479' title='bbox 352 3913 491 3962; x_wconf 83' lang='lat' dir='ltr'><strong>mutandum</strong></span> <span class='ocrx_word' id='word_1_480' title='bbox 517 3925 564 3959; x_wconf 88' lang='lat' dir='ltr'><strong>non</strong></span> <span class='ocrx_word' id='word_1_481' title='bbox 588 3911 641 3973; x_wconf 76' lang='lat' dir='ltr'><strong>fuit,</strong></span> <span class='ocrx_word' id='word_1_482' title='bbox 661 3913 748 3976; x_wconf 84' lang='lat' dir='ltr'><strong>quippe</strong></span> <span class='ocrx_word' id='word_1_483' title='bbox 780 3911 858 3961; x_wconf 80' lang='lat' dir='ltr'><strong>dimus</strong></span> <span class='ocrx_word' id='word_1_484' title='bbox 876 3913 901 3972; x_wconf 76' lang='lat'><strong>4,</strong></span> <span class='ocrx_word' id='word_1_485' title='bbox 922 3914 958 3961; x_wconf 86' lang='lat'><strong>10.</strong></span> <span class='ocrx_word' id='word_1_486' title='bbox 1015 3929 1063 3962; x_wconf 78' lang='lat' dir='ltr'><strong>nrt.</strong></span> <span class='ocrx_word' id='word_1_487' title='bbox 1095 3916 1159 3964; x_wconf 85' lang='lat' dir='ltr'><strong>Bud.</strong></span> <span class='ocrx_word' id='word_1_488' title='bbox 1176 3917 1295 3978; x_wconf 76' lang='lat' dir='ltr'><strong>privatas.</strong></span> 
     </span>
     <span class='ocr_line' id='line_1_51' title="bbox 231 3974 1294 4041; baseline 0.004 -17"><span class='ocrx_word' id='word_1_489' title='bbox 231 3977 294 4040; x_wconf 90' lang='lat' dir='ltr'><strong>quod</strong></span> <span class='ocrx_word' id='word_1_490' title='bbox 305 3977 445 4040; x_wconf 77' lang='lat' dir='ltr'><strong>sitmsignis,</strong></span> <span class='ocrx_word' id='word_1_491' title='bbox 457 3974 588 4038; x_wconf 77' lang='lat' dir='ltr'><strong>insignitus,</strong></span> <span class='ocrx_word' id='word_1_492' title='bbox 597 3975 674 4031; x_wconf 53' lang='lat' dir='ltr'><strong>*son</strong></span> <span class='ocrx_word' id='word_1_493' title='bbox 683 3991 747 4026; x_wconf 84' lang='lat' dir='ltr'><strong>secus</strong></span> <span class='ocrx_word' id='word_1_494' title='bbox 779 3975 839 4038; x_wconf 77' lang='lat' dir='ltr'><strong>Agr.</strong></span> <span class='ocrx_word' id='word_1_495' title='bbox 851 3977 970 4038; x_wconf 57' lang='lat' dir='ltr'><strong>pomini.</strong></span> <span class='ocrx_word' id='word_1_496' title='bbox 1002 3978 1096 4041; x_wconf 79' lang='lat' dir='ltr'><strong>lipsius</strong></span> <span class='ocrx_word' id='word_1_497' title='bbox 1111 3980 1201 4040; x_wconf 76' lang='lat' dir='ltr'><strong>egregie</strong></span> <span class='ocrx_word' id='word_1_498' title='bbox 1216 3980 1294 4028; x_wconf 81' lang='lat' dir='ltr'><strong>losum</strong></span> 
     </span>
     <span class='ocr_line' id='line_1_52' title="bbox 231 4039 1295 4168; baseline 0.004 -18"><span class='ocrx_word' id='word_1_499' title='bbox 231 4039 746 4168; x_wconf 47' lang='lat' dir='ltr'><strong>W...</strong></span> <span class='ocrx_word' id='word_1_500' title='bbox 761 4041 765 4061; x_wconf 85' lang='lat'><em>·</em></span> <span class='ocrx_word' id='word_1_501' title='bbox 779 4039 1205 4091; x_wconf 86' lang='lat'><strong>..</strong></span> <span class='ocrx_word' id='word_1_502' title='bbox 1237 4045 1295 4119; x_wconf 64' lang='lat' dir='ltr'><strong>u</strong></span> 
     </span>
     <span class='ocr_line' id='line_1_53' title="bbox 233 4116 1334 4229; baseline 0.003 -17"><span class='ocrx_word' id='word_1_503' title='bbox 233 4165 364 4215; x_wconf 73' lang='lat' dir='ltr'><strong>Claudiai.</strong></span> <span class='ocrx_word' id='word_1_504' title='bbox 377 4183 406 4215; x_wconf 83' lang='lat' dir='ltr'><strong>ns</strong></span> <span class='ocrx_word' id='word_1_505' title='bbox 417 4167 562 4228; x_wconf 76' lang='lat' dir='ltr'><strong>quidsociot‚</strong></span> <span class='ocrx_word' id='word_1_506' title='bbox 576 4167 635 4227; x_wconf 88' lang='lat' dir='ltr'><strong>quod</strong></span> <span class='ocrx_word' id='word_1_507' title='bbox 645 4169 746 4229; x_wconf 80' lang='lat' dir='ltr'><strong>conspici</strong></span> <span class='ocrx_word' id='word_1_508' title='bbox 778 4118 929 4225; x_wconf 50' lang='lat' dir='ltr'><strong>tumpfdetevi.</strong></span> <span class='ocrx_word' id='word_1_509' title='bbox 981 4120 1017 4165; x_wconf 55' lang='lat' dir='ltr'><strong>gu</strong></span> <span class='ocrx_word' id='word_1_510' title='bbox 1045 4139 1054 4164; x_wconf 60' lang='lat'>&#39;</span> <span class='ocrx_word' id='word_1_511' title='bbox 1105 4119 1186 4192; x_wconf 50' lang='lat' dir='ltr'><strong>mm</strong></span> <span class='ocrx_word' id='word_1_512' title='bbox 1210 4116 1293 4171; x_wconf 49' lang='lat' dir='ltr'><strong>“pm-</strong></span> <span class='ocrx_word' id='word_1_513' title='bbox 1331 4223 1334 4228; x_wconf 27' lang='lat'>¹</span> 
     </span>
     <span class='ocr_line' id='line_1_54' title="bbox 231 4229 1291 4344; baseline 0.01 -72"><span class='ocrx_word' id='word_1_514' title='bbox 231 4229 371 4277; x_wconf 83' lang='lat' dir='ltr'><strong>ocderidcrt</strong></span> <span class='ocrx_word' id='word_1_515' title='bbox 376 4233 458 4292; x_wconf 82' lang='lat' dir='ltr'><strong>possit.</strong></span> <span class='ocrx_word' id='word_1_516' title='bbox 492 4229 596 4278; x_wconf 84' lang='lat' dir='ltr'><strong>Homero</strong></span> <span class='ocrx_word' id='word_1_517' title='bbox 606 4232 745 4292; x_wconf 67' lang='lat' dir='ltr'><strong>conspicisn-</strong></span> <span class='ocrx_word' id='word_1_518' title='bbox 810 4231 969 4344; x_wconf 53' lang='lat' dir='ltr'><strong>Scurrurumq</strong></span> <span class='ocrx_word' id='word_1_519' title='bbox 992 4231 1052 4279; x_wconf 88' lang='lat' dir='ltr'><strong>Istos</strong></span> <span class='ocrx_word' id='word_1_520' title='bbox 1063 4247 1156 4294; x_wconf 81' lang='lat' dir='ltr'><strong>ccprcss</strong></span> <span class='ocrx_word' id='word_1_521' title='bbox 1163 4233 1219 4281; x_wconf 89' lang='lat' dir='ltr'><strong>dicit</strong></span> <span class='ocrx_word' id='word_1_522' title='bbox 1227 4235 1291 4283; x_wconf 77' lang='lat' dir='ltr'><strong>Suet.</strong></span> 
     </span>
     <span class='ocr_line' id='line_1_55' title="bbox 232 4290 1290 4350; baseline 0.01 -14"><span class='ocrx_word' id='word_1_523' title='bbox 232 4291 277 4336; x_wconf 82' lang='lat' dir='ltr'><strong>diss</strong></span> <span class='ocrx_word' id='word_1_524' title='bbox 288 4294 380 4345; x_wconf 62' lang='lat' dir='ltr'><strong>iusidias</strong></span> <span class='ocrx_word' id='word_1_525' title='bbox 392 4301 423 4340; x_wconf 83' lang='grc' dir='ltr'><strong>Ιλ.</strong></span> <span class='ocrx_word' id='word_1_526' title='bbox 433 4313 454 4350; x_wconf 78' lang='grc' dir='ltr'><strong>γ.</strong></span> <span class='ocrx_word' id='word_1_527' title='bbox 462 4295 502 4339; x_wconf 78' lang='grc'><strong>42.</strong></span> <span class='ocrx_word' id='word_1_528' title='bbox 511 4291 585 4346; x_wconf 58' lang='lat' dir='ltr'><strong>udins</strong></span> <span class='ocrx_word' id='word_1_529' title='bbox 593 4293 613 4338; x_wconf 83' lang='grc' dir='ltr'><strong>τ’</strong></span> <span class='ocrx_word' id='word_1_530' title='bbox 626 4291 696 4338; x_wconf 76' lang='lat' dir='ltr'><strong>iussas</strong></span> <span class='ocrx_word' id='word_1_531' title='bbox 709 4294 745 4340; x_wconf 76' lang='lat' dir='ltr'><strong>nul</strong></span> <span class='ocrx_word' id='word_1_532' title='bbox 779 4290 833 4340; x_wconf 83' lang='lat' dir='ltr'><strong>Til).</strong></span> <span class='ocrx_word' id='word_1_533' title='bbox 851 4293 891 4340; x_wconf 78' lang='grc'><strong>61.</strong></span> <span class='ocrx_word' id='word_1_534' title='bbox 909 4302 932 4342; x_wconf 82' lang='lat' dir='ltr'><strong>et</strong></span> <span class='ocrx_word' id='word_1_535' title='bbox 969 4294 1033 4343; x_wconf 73' lang='lat' dir='ltr'><strong>laud.</strong></span> <span class='ocrx_word' id='word_1_536' title='bbox 1048 4297 1072 4342; x_wconf 82' lang='grc'><strong>8.</strong></span> <span class='ocrx_word' id='word_1_537' title='bbox 1087 4296 1129 4344; x_wconf 80' lang='lat' dir='ltr'><strong>ubi</strong></span> <span class='ocrx_word' id='word_1_538' title='bbox 1145 4313 1167 4345; x_wconf 78' lang='lat' dir='ltr'><strong>t·</strong></span> <span class='ocrx_word' id='word_1_539' title='bbox 1184 4297 1290 4346; x_wconf 73' lang='lat' dir='ltr'><strong>Torreat</strong></span> 
     </span>
     <span class='ocr_line' id='line_1_56' title="bbox 231 4353 1059 4410; baseline 0.008 -13"><span class='ocrx_word' id='word_1_540' title='bbox 231 4354 317 4410; x_wconf 58' lang='lat' dir='ltr'><strong>isidoti</strong></span> <span class='ocrx_word' id='word_1_541' title='bbox 334 4353 418 4402; x_wconf 69' lang='lat' dir='ltr'><strong>iinon.</strong></span> <span class='ocrx_word' id='word_1_542' title='bbox 450 4354 511 4404; x_wconf 62' lang='lat' dir='ltr'><strong>Vidi</strong></span> <span class='ocrx_word' id='word_1_543' title='bbox 529 4364 606 4404; x_wconf 69' lang='lat' dir='ltr'><strong>nostra</strong></span> <span class='ocrx_word' id='word_1_544' title='bbox 617 4353 742 4405; x_wconf 77' lang='lat' dir='ltr'><strong>Observata</strong></span> <span class='ocrx_word' id='word_1_545' title='bbox 774 4355 906 4404; x_wconf 76' lang='lat' dir='ltr'><strong>etcsisub.</strong></span> <span class='ocrx_word' id='word_1_546' title='bbox 1057 4363 1059 4368; x_wconf 84' lang='lat'>&#39;</span> 
     </span>
    </p>
   </div>
   <div class='ocr_carea' id='block_1_4' title="bbox 0 0 1528 4950">
    <p class='ocr_par' dir='ltr' id='par_1_11' title="bbox 0 0 1528 4950">
     <span class='ocr_line' id='line_1_57' title="bbox 0 0 1528 4950; baseline 0 0"><span class='ocrx_word' id='word_1_547' title='bbox 0 0 1528 4950; x_wconf 95' lang='lat' dir='ltr'><strong> </strong></span> 
     </span>
    </p>
   </div>
  </div>
 </body>
</html>
