3042 4950
257 254 426 331 mssa]
628 252 704 310 crs.
723 249 811 311 xm.
831 248 982 311 caras.
1041 316 1047 327 ,
1284 246 1341 310 m7

264 415 434 496 Tiridates,
444 432 591 503 vergente
600 414 667 500 jam
677 412 740 491 die,
754 410 866 499 procul
873 409 1005 488 adstitit,
1015 408 1102 473 unde
1114 406 1214 475 videri
1221 410 1331 497 magis,

284 526 358 567 uam
387 500 489 567 audiri
516 514 630 587 Ροεεεῑ.
675 500 737 577 Ita,
765 496 830 561 sine
853 517 1030 580 congressu,
1060 496 1139 559 Dux
1168 496 1332 561 Romanus

260 524 424 652 iireceder‘e
438 585 579 664 militem,
594 606 651 649 sua
664 604 823 670 quemque
835 582 868 645 in
882 593 990 658 castra,
1003 580 1105 666 jubet.

303 672 478 736 XXXIX.
502 673 585 750 Rex,
601 671 665 735 sive
679 668 823 761 fraudem
838 679 1027 753 suspectam,
1041 664 1118 815 puis
1130 665 1223 753 plura
1236 668 1329 734 simul

258 757 290 820 in
313 756 381 821 loca
402 756 517 833 ibatur,
540 756 613 834 sive,
634 768 672 820 ut
686 766 883 819 ‘commeatus
903 762 1026 817 nostros
1069 752 1173 817 ontico
1193 753 1272 817 mari
1293 775 1329 820 ac

260 843 463 929 Trapezunte
475 841 592 928 oppido
602 839 814 917 adventantes,
826 838 1034 924 interciperet,
1045 859 1177 924 propere
1187 837 1328 907 discedit.

260 926 324 992 Sed
343 948 446 1013 neque
465 925 688 991 commeatibus
707 925 772 988 vim
785 925 887 989 facere
906 923 1020 1010 potuit,
1061 922 1113 987 uia
1132 946 1189 1010 per
1209 937 1330 991 montes

258 1011 467 1091 ducebantur,
481 1012 634 1098 praesidiis
648 1010 760 1076 nostris
773 1010 921 1074 insessos:
939 1021 971 1073 et
983 946 1133 1087 Colisulo,
1147 1032 1187 1073 ne
1200 1008 1330 1075 inritum

257 1097 377 1162 bellum
386 1098 571 1175 traheretur,
582 1109 681 1183 utque
691 1095 860 1161 Armenios
871 1094 912 1159 ad
924 1116 980 1157 sua
989 1094 1185 1159 defendenda
1193 1110 1327 1183 cogeret,

257 1183 438 1247 exscindere
456 1192 546 1268 parat
560 1181 695 1246 castella.
740 1180 881 1267 Sibique,
900 1179 986 1266 quod
1001 1178 1226 1245 validissimum
1244 1183 1277 1245 in
1291 1206 1329 1247 ea

259 1268 466 1344 Praefectura,
493 1279 699 1352 cognomento
721 1265 906 1343 Volandum,
932 1264 1045 1338 sumit;
1069 1263 1189 1329 minora
1211 1265 1330 1332 Corne·

255 1351 298 1417 lio
321 1352 436 1417 Flacco
457 1352 592 1438 Legato,
607 1363 639 1416 et
659 1352 778 1416 Insteio
798 1349 945 1438 Capitoni
966 1361 1139 1413 castrorum
1160 1349 1325 1432 Prael'ecto,

256 1437 393 1501 mandat.
437 1440 534 1515 Tum,
550 1437 780 1523 circumspectis
797 1434 1009 1513 munimentis,
1023 1447 1056 1499 et
1074 1456 1149 1521 quoe
1165 1457 1327 1522 expugna-

257 1521 335 1587 tioni
353 1523 478 1601 idonea,
493 1523 635 1609 provicia,
654 1522 800 1587 hortatur
818 1520 942 1599 milites,
963 1528 986 1561 “
1000 1532 1038 1584 ut
1059 1520 1179 1585 hostem
1197 1540 1326 1607 vagum,

256 1630 359 1694 neque
380 1608 450 1695 paci
471 1620 527 1672 aut
549 1607 659 1695 proelio
679 1621 835 1695 paratum,
858 1606 913 1671 sed
933 1606 1096 1693 perfidiam
1118 1617 1150 1669 et
1169 1605 1327 1692 ignaviam

257 1693 337 1779 fuga
350 1694 561 1772 confitentem,
576 1706 727 1757 exuerent
741 1693 878 1771 sedibus,
889 1691 1060 1791 gloriaque
1073 1690 1189 1779 pariter
1202 1704 1234 1756 et
1246 1714 1327 1779 prae·

258 1778 309 1843 dae
323 1778 545 1843 consulerent.”
589 1780 688 1856 Tum,
704 1778 816 1865 quadri
899 1790 932 1841 tn
946 1776 1095 1855 exercitu,
1110 1776 1168 1841 bos
1181 1776 1215 1841 in
1229 1790 1326 1845 testu.

256 1862 362 1928 dinem
372 1863 583 1951 conglobatos,
596 1864 778 1929 subruendo
788 1887 808 1926 v
850 1888 871 1926 ο
884 1861 1015 1939 inducit,
1025 1860 1100 1926 alios
1110 1861 1206 1927 scalas
1215 1865 1326 1928 moenia

255 1948 317 2014 bus
331 1948 507 2028 admovere,
518 1948 635 2015 multos
650 1949 813 2014 tormentis
822 1948 905 2013 faces
918 1961 950 2012 et
960 1948 1063 2012 hastas
1073 1948 1211 2013 incutere
1220 1950 1323 2036 jubet

258 2034 478 2100 Libratoribus
497 2035 774 2122 funditoribusque
791 2034 970 2098 adtributus
991 2032 1088 2111 loeus,
1102 2033 1187 2097 unde
1205 2035 1326 2101 eminus

199 2182 204 2187 .
256 2120 386 2205 glandes
400 2132 450 2183 tor
473 2132 602 2193 uerent;
626 2143 744 2206 nequa
763 2142 836 2209 pars
853 2117 1025 2183 subsidium
1041 2118 1252 2183 laborantibus
1265 2121 1327 2184 fer.

258 2214 317 2283 ret,
329 2204 397 2291 pari
411 2140 551 2290 undique
562 2216 660 2268 motu.
685 2206 812 2269 Tantus
825 2203 899 2268 inde
910 2203 1004 2268 ardor
1016 2203 1161 2267 cenantis
1174 2206 1327 2271 exercitus

257 2288 331 2367 fuit,
356 2302 393 2353 ut
414 2288 497 2354 intra
521 2289 643 2354 tertiam
669 2289 731 2355 diei
756 2302 879 2377 partem
901 2288 1013 2354 nudati
1040 2291 1326 2376 propugnatoribus

257 2373 351 2453 muri,
374 2374 476 2439 obices
499 2388 662 2463 portarum
685 2375 838 2455 subversi,
859 2387 951 2467 capta
974 2397 1101 2441 escensu
1121 2374 1324 2457 munimenta,

288 2651 378 2700 Prona
393 2651 499 2715 adstiti]
518 2647 577 2700 cod.
594 2648 655 2714 ngr.
666 2649 776 2707 sinum
805 2649 908 2698 branses
922 2661 976 2712 ago
991 2647 1087 2711 glandes
1099 2650 1259 2712 torquebunt
1275 2649 1322 2700 bn.

256 2722 333 2777 utap.
344 2715 412 2778 Virg.
424 2716 449 2774 6,
461 2717 518 2764 259.
530 2715 635 2764 mentite
646 2717 708 2762 luco.
735 2713 776 2762 Cf.
806 2727 847 2761 mo
867 2710 922 2767 tela,
943 2712 1086 2823 lapidceffiue.
1127 2710 1222 2778 Integer
1246 2715 1319 2773 bens,

258 2779 337 2828 Rhen.
348 2779 379 2826 sd
390 2794 409 2826 c
422 2779 462 2828 56.
806 2777 871 2840 quod
886 2777 978 2834 mirere,
990 2792 1037 2840 spu
1064 2776 1203 2840 calepinnm
1218 2779 1319 2843 legimrs

287 2844 384 2904 Sibiqae
394 2844 468 2908 qaod]
481 2843 537 2892 MS.
549 2842 629 2892 Gnelt'.
645 2841 776 2892 non'hsbet
805 2843 866 2889 aude
877 2844 968 2889 minus
979 2841 1069 2902 lapides
1079 2847 1102 2888 et
1114 2842 1213 2902 glandes
1228 2851 1322 2906 torqua-

259 2909 327 2970 qwd.
362 2909 435 2958 Ena.
805 2912 865 2954 reat
881 2905 958 2954 Inna.
978 2904 1091 2953 PotaitG
1144 2905 1320 2957 nusiamento

290 2967 450 3034 cogitamenta
465 2971 610 3036 Volandum]
628 2971 667 3020 Sic
683 2971 719 3020 ed·
736 2986 774 3034 pr.
804 2970 889 3018 babere
904 2971 982 3018 locum
998 2968 1094 3017 Sallust.
1143 2985 1182 3033 ng.
1204 2972 1244 3026 57.
1258 2989 1319 3035 pars

254 3044 283 3084 ut
293 3051 306 3084 e
316 3035 367 3086 cod
379 3035 442 3084 Bud
454 3035 526 3084 edidit
537 3035 614 3083 Rhen.
627 3044 651 3082 et
660 3044 775 3099 posteum
803 3037 895 3082 eminas
912 3035 1000 3096 glande
1015 3041 1059 3082 ast
1073 3034 1190 3096 lapidibus
1201 3052 1320 3103 pugnare.

255 3113 344 3148 ornnes.
362 3099 450 3147 Madia
457 3099 509 3148 edd
522 3099 672 3162 Vaiiansinsn,
681 3107 709 3148 nt
717 3099 774 3148 MS.
803 3098 889 3146 Noster
902 3113 996 3162 quoquc
1006 3096 1072 3146 uns
1083 3103 1106 3154 5,
1119 3097 1156 3153 17.
1170 3100 1250 3164 jungit
1260 3117 1318 3150 saca

258 3163 339 3212 Gueli
373 3163 447 3212 nas.
803 3163 939 3224 etgiaades.
972 3163 1063 3210 Verum
1073 3162 1318 3214 arbitroretismnxs

270 3230 352 3275 'Isteo
376 3228 500 3291 Capitoni]
523 3227 563 3277 Ex
584 3228 657 3292 lapid.
675 3227 774 3278 Insteio.
802 3225 1319 3290 illaqnssslibrstoribasmittnnturffllaa·
1414 3246 1424 3256 ·

256 3291 348 3340 Mirum
366 3291 393 3338 ni
409 3291 482 3351 idem,
501 3292 543 3355 qui
560 3308 630 3357 supra
649 3291 774 3340 Hostorius
803 3289 870 3338 aisn
896 3290 990 3338 nomine
1014 3289 1114 3354 intelligi
1139 3306 1212 3354 posse.
1251 3294 1318 3342 Nan

182 3373 185 3380 ⁴
256 3355 349 3416 dicitur,
360 3353 403 3403 ubi
413 3354 443 3402 dc
455 3355 500 3404 roci
516 3357 590 3404 iendis
604 3356 724 3404 obsidibus
734 3371 774 3404 ac·
802 3354 873 3402 etism
888 3353 962 3402 silioss
975 3353 1050 3401 funus
1063 3355 1196 3416 mittuntur,
1208 3364 1231 3404 ct
1247 3357 1318 3406 libn-

257 3428 316 3468 suna
334 3418 487 3470 Cerithtiic.
497 3373 555 3469 ibes
565 3420 772 3480 commmittens,
802 3425 863 3466 sors
879 3426 972 3466 onum
990 3418 1089 3480 majores
1106 3418 1195 3483 lapides
1212 3420 1319 3472 mittunt.

255 3499 302 3532 non
313 3485 437 3533 Hortarius
448 3485 588 3548 praeferebat.
610 3485 661 3532 Nec
670 3499 772 3543 moveor,
803 3481 875 3530 Ean.

255 3549 319 3614 qnod
330 3549 363 3597 ibi
374 3548 484 3598 Centurio
495 3548 636 3609 dicitur,hic
647 3548 773 3596 Prnfectus
835 3548 899 3594 Part
918 3546 1022 3608 maique
1037 3553 1103 3594 motu
1134 3546 1173 3595 Ita
1189 3546 1261 3597 MSS·
1279 3549 1319 3600 Pl.

256 3622 392 3662 caenosum.
413 3611 510 3661 vPotuit
532 3613 595 3661 enim
616 3613 703 3660 honore
723 3627 774 3660 esse
804 3609 980 3673 (Baianum
990 3610 1043 3659 add.
1052 3627 1089 3674 pr.
1136 3611 1318 3665 nonnanis.

256 3685 345 3726 suctus.
378 3677 456 3724 liras.
487 3679 578 3726 Insteio
594 3676 644 3731 cod,
655 3675 717 3724 Flos.
735 3675 772 3723 ed.
803 3674 881 3723 Rhen.
897 3674 956 3722 Ald.
972 3675 997 3723 G
1096 3675 1213 3740 At'Isips.
1227 3686 1251 3727 st
1266 3694 1320 3744 sqq.

273 3757 293 3790 r.
313 3743 378 3790 Ister
399 3756 414 3788 s
437 3739 567 3790 Puteolano
588 3739 664 3788 fluxit.
699 3739 773 3787 Ean.
803 3746 875 3799 nnn,
887 3738 950 3803 quod
961 3738 1010 3787 sins
1035 3738 1041 3750 ‘
1059 3737 1098 3795 ris,
1109 3747 1132 3788 et
1141 3754 1263 3803 opersrum
1276 3754 1318 3794 sus

256 3757 321 3853 bun
332 3806 437 3852 Instaila.
457 3803 775 3870 Receptumlnstciinomen
804 3803 934 3852 correctoris
955 3803 1032 3867 culpa,
1055 3802 1169 3866 irrcpdssc
1192 3814 1257 3866 poto.
1289 3809 1317 3857 J.

256 3868 624 3934 hsbstVdL2,16.etlspiss
640 3901 646 3915 .
665 3868 734 3916 Grut.
767 3901 775 3916 .
805 3868 879 3915 Gran.
897 3884 911 3916 e
927 3867 990 3915 Flos.
1009 3866 1115 3916 rescissis.
1149 3865 1258 3918 Ceterum
1274 3872 1318 3922 etsi

256 3933 312 3982 ³62.
325 3941 348 3981 et
361 3933 416 3988 172.
428 3932 465 3981 Gi
477 3941 501 3982 et
511 3933 593 3995 Cujsc.
634 3934 675 3986 bn,
682 3933 721 3993 10,
733 3884 776 3986 il.
804 3938 869 3978 moin
876 3932 973 3991 servavi,
982 3931 1054 3996 idque
1063 3930 1161 3993 intelligi
1171 3939 1253 3994 potest,
1258 3939 1318 3998 part

259 3997 359 4062 Respice
370 3995 401 4044 ad
412 4010 431 4044 c·
443 3997 466 4044 9.
805 3997 908 4058 undique
930 3997 982 4043 balli
1003 3996 1063 4043 moia
1083 3996 1217 4057 ingruente,
1238 4006 1318 4052 tamen

290 4060 468 4123 Libratoribus]
487 4057 535 4110 Hic
551 4075 644 4126 quoque
659 4057 685 4108 J.
701 4059 777 4108 Gran.
804 4067 869 4109 metu
879 4058 971 4107 facilius
985 4068 1008 4107 et
1018 4059 1125 4108 nundus
1138 4059 1163 4106 in
1179 4060 1221 4108 tali
1234 4077 1259 4112 rc
1272 4053 1319 4114 est,

258 4124 352 4173 intrusit
362 4139 432 4173 suum
449 4125 600 4174 tiirttortua.
632 4123 669 4172 m
679 4123 732 4173 vide
746 4123 777 4172 sd
806 4123 869 4172 Cum
881 4139 924 4187 par
934 4123 1038 4187 undiquc
1051 4123 1181 4187 periculum
1193 4135 1258 4186 mser,
1269 4127 1321 4176 dis.

260 4191 286 4248 2,
298 4191 337 4236 20.
350 4188 405 4236 Ms.
418 4187 497 4238 Guelt.
507 4189 543 4238 cd.
571 4205 589 4237 r.
599 4195 623 4238 et
633 4193 713 4238 ostica
723 4188 778 4237 add.
806 4187 947 4246 tinebsnnrr,
959 4189 1097 4251 (andniman
1107 4193 1196 4235 masin
1203 4199 1269 4240 vocnt
1275 4192 1322 4240 lsi·

260 4267 342 4301 omncs
360 4253 528 4304 iteratoribus.-
548 4253 554 4266 '
588 4268 619 4302 ns
635 4268 717 4303 verum
735 4261 779 4302 est.
806 4252 869 4312 rins)
884 4266 927 4300 nec
945 4251 1075 4302 subsidium
1093 4252 1250 4303 laborantibus
1264 4255 1319 4306 ferri
1374 4258 1377 4266 ’

262 4315 336 4366 Enri-
940 4317 1033 4381 Itaque,
1052 4316 1073 4363 si
1093 4322 1205 4365 oonstmct
1220 4334 1235 4366 e
1252 4322 1319 4371 bonis

299 4383 368 4432 Unde
376 4383 467 4434 eminus
475 4383 572 4446 glandes
581 4381 725 4448 torquerent]
736 4381 780 4430 ni·
817 4380 872 4431 bris
882 4379 1011 4443 streames,
1022 4379 1161 4444 praferrern.
1187 4379 1260 4434 Ean.
