3042 4950
226 244 380 323 ncta]
409 214 415 231 '
583 242 663 303 tm.
685 243 771 303 xm.
793 242 886 303 (ιιι).
907 248 956 303 45.
1236 246 1292 306 ua

225 407 340 473 Pontia
352 408 482 473 consciae
497 406 615 486 ancillae
626 406 800 471 custodiam
813 406 950 472 cubiculi
963 407 1100 472 mandat.
1145 405 1215 486 Ille,
1228 426 1294 471 uno

227 516 301 558 cum
315 492 437 571 liberto,
452 493 571 556 ferrum
585 504 670 555 veste
682 492 839 556 occultum
857 492 960 557 insert.
1005 495 1103 571 Tum,
1126 502 1161 555 ut
1178 492 1297 557 adsolet

224 578 258 642 in
272 594 415 643 emarcet
426 576 482 655 ira,
492 577 610 675 jurgia,
625 600 741 663 prema,
751 578 962 665 exprobratiq
978 577 1165 656 satiulucti03
1181 590 1213 641 et
1223 600 1296 664 pars

227 664 424 727 tenebrarum
445 661 573 726 libidine
595 661 735 748 seposita.
780 666 835 727 Ex
855 688 919 750 qua
940 670 1021 727 aestu
1041 662 1194 740 incensus,
1217 662 1296 727 nihil

225 760 415 812 metuentem
429 748 512 811 ferro
526 749 764 827 transverberat,
785 760 817 813 et
836 758 1047 830 aecumentein
1067 745 1212 812 ancillam
1227 747 1298 810 vul-

226 856 299 897 nere
313 832 465 899 absterret
478 833 685 919 cubiculoque
695 834 881 920 prorumpit
927 836 1056 899 Postera
1069 832 1121 897 die
1135 831 1298 897 manifesta

227 918 345 983 caedes:
380 919 467 983 haud
491 918 658 1017 ambiguus
681 940 864 1005 percussor:
888 919 1006 1006 quippe
1030 916 1210 982 mansitasse
1234 940 1299 981 una

227 1002 476 1069 convincebatur.
494 1004 557 1067 Sed
566 1003 697 1068 ubertus
706 1011 727 1042 “
739 1026 831 1068 suum
840 1003 920 1069 illud
925 1005 1062 1067 facinus”
1071 1002 1220 1089 profiteri,
1233 1008 1255 1041 “
1266 1026 1300 1067 se

227 1090 351 1175 patroni
360 1088 489 1177 injurias
499 1088 601 1151 ultum
610 1089 703 1153 esse.''
723 1090 1006 1174 Commoveratque
1017 1089 1170 1174 quosdam
1181 1088 1301 1174 magni-

229 1174 338 1239 tudine
353 1173 509 1260 exempli:
525 1172 623 1236 donec
633 1171 754 1249 ancilla,
771 1195 811 1235 ex
818 1174 953 1238 -vulnere
966 1175 1092 1253 refecta,
1104 1196 1214 1238 verum
1228 1197 1301 1261 apes

227 1256 311 1323 ruit:
335 1256 573 1345 postulatusque
592 1258 678 1344 apud
694 1257 847 1321 Consules
865 1281 885 1321 a
904 1271 994 1344 patre
1015 1258 1196 1335 interfectae,
1215 1271 1301 1344 post-

227 1364 323 1429 quam
339 1343 519 1407 Tribunatu
533 1341 663 1420 abierat,
679 1342 832 1406 sententia
846 1346 979 1408 Patrum
994 1366 1035 1406 ex
1048 1342 1117 1429 lege
1129 1342 1170 1405 de
1185 1344 1301 1409 sicariis

228 1427 461 1493 condemnatur.
1297 1449 1300 1459 “

272 1512 383 1581 XLV.
400 1516 472 1579 Non
488 1513 591 1579 minus
605 1514 745 1603 insignis,
757 1539 795 1579 eo
808 1537 901 1595 anno,
916 1516 1101 1603 inpudicitia
1114 1536 1301 1603 magnorum

229 1598 322 1685 Reip.
338 1599 491 1665 malorum
505 1599 630 1665 initium
644 1601 729 1665 fecit.
752 1603 875 1665 Eratin
885 1601 1010 1666 civitate
1022 1602 1138 1667 Sabina
1149 1602 1301 1687 Poppaea,-

231 1687 272 1748 Τ.
290 1684 376 1749 Ollio
389 1698 478 1771 patre
515 1686 608 1764 euitat,
624 1686 679 1749 sed
693 1707 806 1749 nomen
820 1687 871 1750 avi
885 1687 1021 1786 mqterni‘
1031 1699 1226 1773 sumpserat;
1253 1685 1302 1748 in·

228 1768 319 1833 lustri
334 1770 482 1833 memoria
525 1770 627 1857 oppaei
640 1770 759 1847 Sabini,
777 1770 942 1836 Consulan
954 1785 985 1836 et
996 1771 1177 1858 triumphali
1191 1772 1303 1835 decore

230 1854 463 1941 praefulgentis:
488 1877 561 1919 uam
576 1854 706 1933 Ollium,
721 1856 894 1922 honoribus
907 1857 1048 1921 nondum
1059 1857 1216 1934 functum,
1226 1855 1303 1922 ami-

230 1940 303 2004 citia
319 1940 423 2026 Sejani
437 1942 595 2027 pervertit.
640 1940 728 2005 Huic
743 1941 865 2005 mulieri
879 1957 992 2007 cuncta
1004 1941 1065 2005 alia
1076 1941 1175 2020 fuere,
1186 1948 1303 2029 ‚praeter
1366 1945 1368 1952 '

230 2025 396 2089 honestum
418 2026 576 2090 animum:
600 2025 717 2113 quippe
738 2035 838 2091 mater
859 2028 940 2113 ejus,
965 2028 1065 2091 aetatis
1087 2049 1152 2089 suae
1173 2028 1304 2090 feminas

231 2108 464 2195 pulchritudine
475 2134 683 2196 supergressa,
717 2110 827 2174 loriam
838 2111 954 2197 pariter
968 2128 1001 2174 et
1013 2112 1146 2175 formam
1155 2110 1302 2180 dederat:

230 2216 305 2281 opes
318 2193 498 2259 claritudini
511 2194 634 2279 generis
647 2134 860 2260 sufficiebant:
883 2216 986 2259 sermo
1001 2195 1108 2275 comis,
1123 2218 1180 2260 nec
1193 2198 1304 2261 absur-

265 2368 374 2417 Lutum
391 2366 502 2432 seposita]
521 2368 574 2419 Viri
593 2369 682 2418 doctiss.
702 2383 753 2417 ma·
818 2371 927 2433 lajariae
938 2367 1083 2429 attumne]
1101 2367 1212 2427 Mallem,
1226 2370 1304 2421 altum

231 2430 404 2480 luntlihtdt'nlt
422 2434 464 2497 qui
474 2433 676 2497 casuslegitimus.
711 2433 754 2482 In·
787 2434 838 2482 itae.
871 2434 946 2483 Iucu.
976 2432 1100 2482 Vidcdc.
1111 2434 1148 2489 17.
1172 2432 1304 2481 Moxean-

231 2496 753 2558 trac.tltagrtaocatetmttttammuise-
786 2506 892 2546 moverat
906 2498 956 2547 cod.
970 2497 1033 2546 Bao
1066 2498 1182 2560 Copulam
1196 2514 1260 2560 eaepe
1278 2498 1305 2546 iu

226 2563 309 2624 positi,
322 2561 428 2608 etalibi'«
452 2561 498 2609 Sed
509 2561 543 2608 nil
558 2561 656 2625 impedit
667 2562 752 2610 intelli-
785 2562 1113 2625 talicontextuupncstrum
1190 2562 1196 2572 '
1228 2561 1302 2608 Ειιι.

231 2625 619 2687 gerelaltlt'dluaperltlldlmm.
644 2627 752 2688 seposita
819 2628 950 2688 Postquam
973 2625 1041 2688 aria]
1065 2577 1305 2688 Namnblnagisuutus

232 2696 267 2735 cst
283 2689 399 2747 absumta,
417 2703 436 2738 s.
449 2697 477 2735 ut
491 2687 601 2736 Bernecc.
620 2687 645 2735 in
663 2688 751 2748 Indice,
784 2689 929 2752 posaduiiet
945 2689 1046 2736 coeusari
1061 2703 1108 2736 non
1119 2698 1223 2752 possunt.
1258 2689 1305 2738 Sed

232 2763 319 2800 exacta.
342 2753 368 2800 Si
378 2753 470 2800 dativus
478 2768 546 2800 verus
556 2753 594 2811 sit,
604 2759 647 2811 aut,
656 2752 751 2812 tributu,
784 2768 841 2801 mox
863 2768 905 2817 pro
927 2759 950 2800 et
974 2753 1065 2802 videtur
1086 2752 1233 2801 scribendum
1254 2769 1303 2800 eas

232 2815 344 2879 impensa.
375 2817 446 2864 Eun.
481 2816 544 2864 Bud.
567 2817 669 2864 libidine.
706 2817 753 2866 Sed
785 2832 897 2880 quorsum
914 2817 977 2865 enim
993 2817 1101 2879 copula?
1125 2817 1198 2866 Eun.
1229 2817 1304 2866 Beue.

232 2880 362 2928 emendatio
372 2881 500 2928 dubiacsse
510 2880 599 2944 nequit
745 2887 747 2892 '
786 2881 870 2929 Facilis
881 2890 930 2929 erat
940 2881 1027 2946 lapsus.
1161 2930 1166 2937 ,

264 2947 300 2992 Et
311 2951 392 3006 questu
404 2947 523 3007 inomaus]
536 2946 596 2992 Hae
610 2944 677 2993 lectio
692 2945 753 2994 edita
818 2948 854 2993 Et
870 2947 921 3008 lege
936 2947 964 2992 de
980 2946 1087 3009 sicariis]
1099 2945 1163 2994 Edd.
1179 2953 1234 2992 vett.
1251 2953 1306 2994 ante

233 3017 268 3056 est
284 3024 298 3056 a
315 3008 453 3068 Puteolano,
470 3023 542 3073 quam
561 3009 643 3056 falsam
661 3025 708 3057 esse
728 3009 753 3059 J.
786 3009 955 3057 Rhenomncs
971 3009 1058 3058 habent
1074 3009 1305 3069 Corneliumque

234 3072 352 3146 Gronoyio
369 3073 474 3121 concedo.
508 3073 574 3120 Nam
592 3078 684 3134 questus
701 3075 752 3136 jam
785 3088 853 3121 mum
864 3073 980 3133 Bcrcaldi,
992 3082 1020 3120 ut
1029 3072 1054 3122 J.
1069 3073 1141 3121 Grau.
1153 3073 1229 3121 trudit
1258 3074 1305 3123 Sed

232 3135 754 3264 lilmisslaldpllldll⁸ll⁶ll
785 3135 1305 3264 multtttnfttnbttdffinllt

234 3264 308 3312 Gran.
320 3263 376 3312 hinc
390 3263 453 3324 facit,
471 3271 494 3312 et
509 3266 576 3325 quaet
591 3267 706 3322 lacerum,
719 3281 750 3314 sc
787 3264 866 3312 Guell'.
878 3280 932 3312 cum
948 3264 1048 3326 uliisup.
1059 3265 1200 3313 Brotcrium.
1231 3265 1304 3313 Eun.

233 3343 311 3376 amore
322 3343 351 3376 ex
362 3343 406 3376 usu
422 3327 535 3386 auidius,
553 3327 666 3376 simulans
682 3344 706 3376 se
717 3345 752 3378 re.
787 3328 887 3377 Sustulit
899 3336 922 3376 et
930 3326 980 3376 Jac
992 3328 1066 3377 Gran.
1153 3365 1157 3370 .
1255 3381 1257 3386 ,

232 3392 368 3447 mouimus
385 3391 751 3460 quodneqsigniflcatlncenms‚
786 3422 790 3434 ι
817 3394 969 3454 Magnorum
984 3393 1055 3453 Reip.
1073 3394 1202 3457 mulorum]
1220 3393 1258 3442 Sic
1274 3410 1305 3444 ex

232 3469 276 3504 nec
294 3457 348 3504 huic
358 3457 408 3504 lucc
421 3465 503 3518 aptum
518 3465 559 3503 est.
592 3455 645 3520 Ego
656 3457 750 3516 tentavi,
785 3454 1043 3509 nonantulanam,
1062 3455 1095 3504 sic
1110 3455 1146 3503 cd.
1162 3471 1200 3520 pr.
1215 3457 1304 3508 Mediae

232 3528 302 3583 atquc
316 3523 351 3569 a'ta
365 3522 478 3583 infimus,
490 3519 527 3568 vel
536 3521 578 3566 stc.
610 3519 660 3568 Ubi
674 3521 751 3568 statia-
784 3534 865 3566 omncs
875 3521 1008 3581 majorum:
1021 3519 1225 3581 superiornullum
1233 3522 1303 3587 Reip.

233 3593 297 3632 verat
307 3584 435 3643 libidinem,
448 3584 542 3632 tandem
553 3583 658 3642 infestus,
670 3584 752 3632 ardens
785 3583 876 3631 mulum
894 3584 1010 3631 attalam.
1041 3585 1113 3631 Eun.
1146 3584 1210 3633 Bud.
1230 3593 1303 3651 majo.

233 3664 263 3697 sc.
286 3648 321 3696 ira
337 3663 367 3696 cx
385 3647 479 3708 injuris,
498 3647 612 3710 transfigit
632 3647 752 3698 feminam.
786 3645 849 3694 rum.

232 3717 312 3774 ‘Atque
335 3715 370 3760 tta
396 3711 497 3759 sonnula
520 3711 706 3774 frequentissima
727 3712 752 3761 in
821 3713 911 3760 Ollium
922 3712 1046 3758 honoreus
1061 3713 1303 3782 madamfunctum]

233 3787 317 3825 eventu
338 3777 371 3824 rei
390 3775 507 3830 trudendo,
526 3784 553 3823 ut
572 3790 652 3823 omnes
670 3776 751 3824 sciunt.
785 3775 863 3839 Atqui
882 3774 1039 3835 Questorium
1057 3791 1111 3823 eum
1130 3777 1201 3826 fuisse
1221 3781 1304 3828 Sueto-

233 3843 345 3906 Iufinsm
390 3848 447 3887 terat
462 3839 699 3903 abcsscsedquoties
710 3841 753 3888 Li·
786 3840 839 3887 nius
858 3847 966 3890 autumat
982 3842 1022 3887 35.
1054 3841 1100 3888 Sed
1116 3841 1240 3900 Quaestum
1255 3844 1303 3894 for-

233 3905 285 3952 vius
301 3905 321 3952 ui
348 3905 408 3952 ''ter
423 3903 489 3968 pouit
503 3905 622 3966 infictae?
639 3903 689 3962 Qui
704 3919 753 3953 mc·
786 3912 845 3951 tasse
862 3917 909 3951 uon
927 3911 976 3950 tam
993 3903 1073 3958 honos,
1093 3915 1165 3968 quam
1180 3907 1256 3956 aditus
1272 3911 1304 3958 ad

233 3967 290 4016 liora
311 3967 406 4028 decem,
427 3967 449 4015 ei
468 3983 511 4032 ego
527 3968 637 4032 plaudam
654 3967 753 4030 primus.
784 3967 903 4015 honorem.
936 3967 993 4028 lpse
1007 3978 1084 4016 tamen
1100 3969 1193 4018 Tacitus
1208 3973 1245 4031 12,
1263 3976 1303 4023 64.

234 4032 368 4080 Broterius:
385 4034 581 4095 quoatatlminc.
614 4033 686 4080 ERN.
722 4033 752 4080 ln
785 4031 933 4090 Quaesturam
944 4031 1004 4078 inter
1015 4031 1169 4094 Magistratus
1179 4039 1301 4100 recensuit,

235 4095 299 4143 Bud.
309 4097 414 4144 adfuerat
423 4111 438 4143 a
448 4096 466 4143 l.
479 4111 512 4143 m.
525 4104 638 4157 questum
652 4110 752 4162 cemmp
784 4095 901 4159 Agellius‚
911 4103 934 4142 ct
944 4095 992 4142 alii.
1024 4093 1099 4144 lame.

233 4161 366 4208 2.m.inde
381 4159 435 4209 lecit
451 4161 664 4222 quaestuum.
697 4161 752 4209 Bi.
818 4161 902 4207 Mater
921 4161 983 4223 qua]
1007 4159 1118 4224 Poppoea,
1135 4159 1164 4208 de
1188 4177 1236 4227 qua
1261 4166 1299 4228 11,

234 4226 362 4285 conjectant
388 4240 417 4272 ec
444 4239 490 4286 qua
512 4239 645 4272 metemus.
689 4177 755 4272 nul·
786 4223 854 4288 l.sq.
1189 4280 1192 4284 Δ
1373 4229 1377 4234 ’

235 4287 292 4336 Rcc.
316 4289 339 4336 9.
361 4295 429 4350 atquc
450 4296 509 4336 aestu
527 4291 643 4348 tacemus,
664 4297 692 4336 ut
712 4305 751 4352 ep.
817 4289 872 4336 Nec
886 4289 1014 4336 absurdum
1028 4289 1163 4354 sagatum]
1179 4289 1202 4338 Ε
1221 4293 1300 4343 Sallu.
1381 4328 1383 4339 ,

235 4350 302 4415 vag.
314 4351 468 4411 'AEnAsdbz
491 4351 578 4403 Malim
589 4355 682 4416 anue
693 4359 752 4402 asta
784 4350 827 4416 ttio
845 4351 972 4409 imtumm,
990 4350 1032 4414 qui
1050 4351 1104 4399 Cat.
1125 4353 1164 4400 at.
1185 4355 1215 4404 dc
1233 4358 1299 4406 Sem-

196 4467 199 4474 .
235 4413 350 4464 lucenam.
446 4433 449 4440 ·
783 4414 880 4479 pacuius
908 4417 1036 4476 Ingenium
1062 4419 1116 4479 ejas
1132 4417 1197 4466 taut
1215 4423 1298 4470 dlsur.
