3042 4950
220 259 376 334 sema]
552 261 954 334 LIB.“X1.0AP.36,37.
1090 217 1093 222 ¹
1250 268 1288 323 ss

171 465 174 474 .
231 451 236 480 z
256 419 444 484 xxxvi.
467 420 563 489 Solu's¹
579 423 720 486 Mnester
740 425 968 488 cunctatidnem
988 423 1114 502 adtulit,
1135 425 1282 490 dilaniata

218 516 312 580 veste,
330 502 500 584 clamitans,
523 513 544 544 “
558 506 728 592 adspiceret
741 509 907 572 verberum
920 522 1020 586 notas,
1036 510 1280 574 reminisceretur

218 586 311 662 vocis,
337 609 400 672 qua
425 611 457 651 se
481 591 660 654 obnoxium
676 591 772 677 jussis
798 592 987 656 Messallinae
1011 592 1153 658 dedisset.
1173 621 1178 628 ·
1197 596 1279 681 Aliis

216 669 388 755 largitione,
409 686 465 737 aut
480 675 544 761 spei
563 676 789 762 magnitudine,
808 677 866 741 sibi
885 701 923 742 ex
938 676 1115 740 necessitate
1134 678 1278 764 culpam:

215 776 272 816 nec
286 755 432 842 cuiquam
447 773 519 822 ante
536 762 733 846 pereundum
751 762 856 840 fuisse,
878 762 903 825 si
925 759 1020 825 Silius
1040 784 1144 824 rerum
1165 765 1280 847 potire-

216 840 297 902 tur.”
340 843 540 907 Commotum
553 844 612 922 his,
627 861 659 909 et
669 868 807 945 pronum
820 847 859 909 ad
875 845 1112 910 misericordiam
1124 848 1277 910 Caesarem

214 923 378 1010 perpulere
387 924 501 1005 liberti,
518 935 539 966 “
551 951 600 1007 ne,
610 942 656 992 tot
666 930 850 994 inlustribus
860 931 933 994 viris
946 931 1124 1006 interfectis,
1136 930 1278 994 histrioni

214 1008 444 1074 consuleretur:
469 1023 578 1098 sponte
591 1037 632 1078 an
646 1029 769 1078 coactus
783 1030 847 1078 tam
862 1038 974 1102 magna
987 1015 1183 1112 peccavisset,
1198 1017 1277 1079 nihil

212 1094 355 1156 referre?
398 1096 448 1158 Ne
470 1096 583 1160 Trauli
600 1098 727 1182 quidem
751 1099 895 1162 Montani
918 1100 1044 1185 Equitis
1069 1100 1200 1164 Romani
1223 1101 1276 1162 de-

211 1177 310 1241 fensio
331 1192 455 1264 recepta
474 1193 537 1244 est:
561 1181 586 1246 is
604 1182 743 1246 modesta
763 1183 905 1267 juventa,
928 1185 981 1246 sed
1003 1207 1130 1269 corpore
1151 1185 1275 1270 insigni,

211 1263 326 1326 accitus
341 1262 433 1341 ultre,
448 1279 632 1350 noctemque
643 1266 724 1329 intra
735 1289 830 1329 unam
846 1290 866 1330 a
878 1266 1057 1330 Messallina
1070 1270 1275 1353 proturbatus

210 1357 276 1414 erat
295 1347 422 1432 paribus
435 1347 565 1416 lasciviis
580 1350 620 1413 ad
640 1350 817 1436 cupidinem
836 1364 867 1414 et
881 1351 1017 1418 fastidia,
1059 1352 1156 1415 Suilio
1171 1351 1276 1416 Caesol

211 1430 293 1507 nino,
314 1444 346 1494 et
368 1431 493 1497 Plautio
514 1436 671 1498 Laterano
690 1459 774 1498 mors
792 1434 976 1499 remittitur:
1000 1435 1084 1513 huic,
1106 1437 1148 1499 ob
1170 1439 1274 1522 patrui

129 1585 134 1594 Ι
210 1515 371 1663 εςτιῗξίυιη
384 1518 547 1582 meritum:
572 1519 752 1582 Caesoninus
766 1519 848 1604 vitiis
862 1529 1019 1617 protectus
1033 1535 1088 1598 est,
1101 1534 1271 1606 tamquam,

209 1599 243 1662 in
257 1599 264 1611 ⁰
289 1625 309 1662 o
321 1600 489 1666 foedissimo
499 1603 606 1680 coetu,
630 1628 716 1670 assus
729 1605 900 1668 muliebria

251 1683 440 1752 XXXVII.
464 1688 594 1751 Interim
653 1688 793 1754 essallina
812 1689 1006 1754 Lucullianis
1027 1690 1061 1752 in
1079 1690 1177 1754 hortis
1198 1715 1271 1778 pro⁴

207 1768 429 1848 latescentem,
451 1793 634 1858 componere
654 1796 771 1859 preces,
793 1774 942 1840 nonnulla
963 1795 1027 1859 spe,
1050 1789 1082 1837 et
1102 1775 1270 1861 aliquando

207 1853 270 1926 ira:
299 1866 395 1932 tanta,
414 1855 495 1919 inter
516 1871 664 1934 extrema,
688 1858 833 1944 superbia
852 1859 972 1944 agebat
1016 1860 1078 1934 Ac,
1100 1861 1132 1923 ni
1153 1861 1271 1923 caedem

206 1938 275 2022 ejus
285 1938 450 2002 Narcissus
463 1942 695 2027 properavisset,
708 1956 842 2006 verterat
851 1943 1001 2028 pernicies
1010 1943 1043 2005 in
1053 1958 1269 2008 accusatorem.

206 2023 291 2084 Nam
305 2021 469 2100 Claudius,
483 2025 612 2088 domum
627 2049 783 2110 regressus
802 2040 834 2089 et
848 2026 1038 2123 tempestivis
1052 2028 1151 2112 epulis
1162 2029 1270 2092 delini-

206 2117 268 2184 tus,
281 2107 335 2170 ubi
346 2108 419 2170 vino
429 2107 568 2186 incaluit,
584 2117 606 2148 “
616 2109 654 2171 iri
663 2111 680 2136 ”
691 2110 793 2194 jubet,
807 2117 829 2148 “
840 2111 1038 2196 nuntiarique
1048 2111 1184 2174 miserae”
1196 2113 1269 2193 (hoc

206 2191 289 2254 enim
303 2191 399 2255 verbo
412 2214 504 2256 usum
517 2192 637 2274 ferunt)
657 2201 679 2231 “
694 2193 857 2257 dicendam
871 2196 1064 2258 ad‘caussam
1082 2210 1205 2281 postera
1219 2197 1269 2260 die

207 2276 355 2339 adesset*
385 2276 478 2354 Quod
492 2276 548 2341 ubi
562 2277 716 2355 auditum,
732 2292 764 2341 et
778 2278 974 2365 languescere
987 2279 1042 2357 ira,
1057 2281 1158 2343 redire
1171 2303 1268 2360 amor,

206 2383 252 2442 ac,
266 2361 291 2423 si
301 2372 530 2439 cunctarentur,
541 2362 651 2448 propin
676 2386 717 2425 ua
730 2385 804 2440 nox,
816 2375 847 2426 et
860 2364 961 2427 uxorii
974 2363 1108 2427 cubiculi
1121 2367 1269 2446 memoria

205 2443 412 2521 timebantur3
436 2445 613 2535 prorumpit
669 2446 810 2528 arcissus,
829 2448 1054 2536 denuntiatque
1074 2450 1271 2537 Centurioni7

238 2682 360 2745 Mnester]
377 2682 415 2731 Sic
425 2681 487 2731 Bud.
497 2683 647 2733 undeRhcn.
659 2688 720 2735 male
786 2687 1007 2735 Psssasmaliebn'c
1037 2683 1118 2733 simile
1128 2683 1222 2731 illorum
1231 2682 1269 2729 in·

205 2747 246 2793 M.
259 2748 355 2793 Nestor.
750 2760 846 2798 vennam
861 2750 886 2796 in
898 2750 1001 2798 Suetonii
1051 2749 1102 2795 mit.
1115 2750 1155 2794 ln
1177 2748 1224 2803 Qui
1234 2760 1267 2804 sc,

239 2810 370 2857 umectam
380 2813 455 2872 jussis
466 2812 622 2877 Messalliaae]
650 2814 722 2863 Com.
750 2815 1105 2877 quoficiiiasscpertesccdpoe
1115 2812 1267 2863 mmdersnt,

204 2873 525 2938 meritumleminaelepidum.
538 2876 721 2925 Mimumistum
751 2880 882 2938 impudicos
904 2879 1069 2938 probaverant.
1102 2874 1145 2921 Dii
1164 2873 1189 2920 D
1238 2888 1269 2921 ue

203 2936 322 2997 deperibat
330 2937 481 2995 Maesallins3
494 2940 606 2988 sollicitat.
624 2941 668 2988 Ille
676 2951 721 2989 ter-
749 2942 813 2998 istos,
822 2956 868 2988 non
877 2938 1185 3003 corporenonsnimoviros!
1198 2937 1222 2983 A
1240 2952 1268 2983 eo

203 3000 320 3063 giversffl,
335 3002 620 3066 memerelmperstorem.
654 3005 721 3064 Quid
750 3006 839 3067 turpior
854 3004 919 3050 omni
940 3012 1014 3051 morte
1031 3004 1081 3050 bac
1101 3001 1159 3064 suga
1179 2999 1266 3049 mortis

204 3064 404 3125 crgo,simaritus
414 3066 462 3128 ipse
471 3067 570 3127 jubeat?
586 3067 669 3131 inquit
686 3070 721 3117 Et
750 3068 825 3115 Iura.
1152 3083 1156 3093 ¹

202 3142 258 3174 cum
275 3126 358 3175 marito
369 3129 422 3191 egit,
433 3131 500 3191 quasi
516 3144 585 3192 opera
595 3131 719 3179 Mnesteris
783 3133 930 3178 Lucullianis
947 3133 972 3178 iu
992 3132 1078 3194 tortis]
1103 3128 1267 3177 Jo.Antiocb.

202 3190 282 3253 aliqua
291 3191 316 3238 in
330 3191 475 3240 reillinsus.
500 3194 544 3241 Ille
554 3203 661 3243 vocatum
674 3196 719 3243 mi-
750 3195 856 3243 Matala:
876 3203 919 3241 τῶν
936 3196 975 3255 μὶν
995 3194 1111 3239 iactastis
1129 3192 1266 3253 ἐξωθεῖται,

202 3268 270 3301 mum
291 3254 353 3301 male
370 3256 460 3317 accipit,
478 3258 545 3317 jubet
565 3258 590 3305 in
611 3258 719 3306 omnibus
749 3260 797 3326 τις)
808 3260 829 3304 ii
841 3258 890 3308 scic
899 3257 1024 3304 'scissent
1036 3259 1115 3309 κήπους
1124 3254 1268 3312 ricmiri,

119 3376 125 3381 ἱ
201 3317 269 3364 uxori
284 3318 375 3365 obedbt
389 3329 520 3383 pateatque.
555 3322 720 3379 Paruit5etid
749 3321 777 3367 dr
799 3322 863 3367 iiiuc
883 3321 918 3367 rb
936 3321 1026 3365 δείλαιον
1045 3318 1171 3379 ’Asicrrulr
1192 3319 1268 3378 μικρῷ

200 3382 719 3508 tttttttttittttttitt
751 3382 1149 3511 ‘'liitt'itttt‘iittu.
1288 3503 1295 3509 ¹

234 3510 374 3572 Perpaiere]
403 3508 465 3557 Bud.
473 3513 588 3572 pepulere.
786 3514 892 3558 Verterat
908 3511 1026 3572 pernicies
1047 3512 1074 3557 in
1094 3510 1264 3572 detractorem]

206 3622 209 3633 ,
236 3574 297 3619 Tam
308 3576 554 3637 mgrzapccccnisretl
582 3575 720 3638 Reposuisse
748 3575 787 3623 Sic
803 3574 839 3621 ed.
858 3589 893 3635 pr·
915 3583 989 3621 rectas
1012 3573 1110 3622 restituit
1128 3572 1264 3619 Rhenanus.

199 3651 225 3683 se
233 3650 245 3681 e
254 3634 359 3685 Budensi
369 3651 412 3698 pro
420 3644 468 3684 tam
475 3652 562 3698 bragae
568 3640 718 3699 peccavisset,
748 3638 842 3687 Puteal.
851 3636 908 3685 Ber.
918 3635 971 3685 Alc.
981 3640 1119 3699 perniciora,
1128 3636 1265 3684 etiam-MS.

201 3698 329 3747 Rhenanus
346 3700 385 3747 ait.
419 3700 455 3747 At
473 3700 506 3749 sic
521 3710 544 3748 et
559 3701 593 3748 ed
612 3717 647 3763 pr·
661 3702 717 3751 MS.
749 3702 829 3749 (trusit.
862 3702 923 3748 Mox
945 3700 1000 3749 MS.
1022 3701 1084 3749 idem
1111 3702 1219 3758 incaluit
1241 3709 1265 3748 et

201 3762 280 3811 Oxou.
286 3764 519 3827 patravissetrquod
530 3778 576 3811 non
587 3766 719 3827 spreverim.
747 3780 827 3813 omnes
838 3773 892 3823 vett.
902 3772 984 3826 preter
994 3764 1069 3826 Rhea.
1078 3780 1150 3827 quem
1161 3764 1265 3825 sequitur
1305 3776 1308 3779 ’

202 3828 298 3887 Magna
309 3827 364 3875 MS.
374 3827 453 3875 (luds.
462 3828 501 3875 sed
512 3828 560 3875 sine
571 3834 626 3875 tanc
644 3830 717 3876 Eun.
747 3828 851 3892 Lipsius.
863 3829 935 3875 Porro
938 3829 1025 3891 strunt
1032 3830 1096 3875 abest
1105 3827 1177 3876 aeod-
1184 3828 1263 3874 Oxou.

232 3892 274 3938 Aa
283 3893 417 3953 cupidinem
427 3898 450 3939 et
460 3892 576 3954 fastidia]
595 3892 633 3939 Sic
643 3892 717 3941 MSS.
747 3893 818 3940 Eun.
842 3890 904 3939 Bud.
912 3892 1104 3952 perniniciem
1121 3892 1161 3938 Sic
1176 3897 1265 3937 vertere

200 3952 261 4001 Flos.
274 3954 326 4002 cdd.
338 3955 428 4002 Puteol.
439 3956 495 4003 Ber.
506 3955 560 4002 Alc.
570 3956 648 4003 Rhen.
659 3955 716 4003 Ale
746 3956 880 4017 neutraliter
890 3958 914 4016 2,
932 3957 970 4002 20.
982 3958 1006 4015 4,
1021 3955 1060 4002 31.
1073 3955 1097 4015 6,
1120 3956 1157 4003 19.
1170 3954 1207 4012 13,
1223 3954 1263 4007 37.

200 4018 257 4079 Gry.
278 4018 343 4065 Picb
364 4018 436 4066 Gran.
457 4018 532 4082 Ryck.
566 4020 602 4067 At
623 4019 659 4067 ed.
680 4034 717 4081 pr.
750 4019 787 4081 lt,
800 4022 838 4068 31.
1193 4081 1199 4090 .

199 4080 388 4144 Lipasastidio:
406 4082 523 4145 inedpr.
535 4091 558 4131 et
569 4083 624 4131 MS.
638 4082 718 4131 Guelf.
754 4128 757 4133 ,
783 4086 862 4145 Temp.
875 4079 959 4145 epulis]
984 4061 1026 4129 Ad
1036 4091 1230 4155 quastempenus
1244 4096 1264 4131 s.

199 4154 234 4191 est
254 4146 323 4193 etiam
345 4149 514 4207 perturbatus:
543 4147 611 4195 male.
644 4148 717 4196 Eun.
746 4148 861 4195 maturius
871 4147 938 4194 solita
948 4146 1005 4193 horu
1015 4148 1210 4203 conveniebatur„
1231 4144 1263 4191 V.

201 4206 263 4256 Bud.
271 4212 558 4273 proturbatus...fiutidic.
747 4212 796 4259 cic.
811 4212 842 4258 sd
857 4212 908 4258 Att-
923 4212 948 4268 9,
966 4210 978 4255 l
995 4218 1018 4256 et
1035 4209 1072 4254 13.
1105 4207 1143 4257 Cf.
1159 4208 1264 4255 Munatii

235 4272 270 4319 Ob
288 4276 373 4333 patrui
395 4277 518 4336 egregium
535 4277 667 4391 caeritum}>
684 4277 717 4324 Α.
746 4276 825 4333 Quas.
837 4291 861 4338 p.
872 4289 908 4337 ep.
920 4273 943 4334 1,
954 4276 977 4319 5.
989 4270 1119 4319 aestuas
1130 4271 1264 4334 adVopisci

201 4334 300 4393 Plautii,
315 4338 425 4400 suspicer,
436 4339 478 4401 qui
488 4339 635 4389 Britmniam
667 4341 719 4389 lau·
744 4340 843 4390 Flend-

198 4398 239 4445 dio
251 4399 348 4463 subegit.
366 4400 471 4465 CbAgr.
484 4403 521 4452 14.
538 4404 613 4453 hirs.
779 4403 924 4467 Prorumpit
936 4398 1080 4461 Narcissus]
1092 4397 1129 4447 Sic
1136 4396 1191 4451 Ms,
1200 4398 1263 4456 Flos,
