3042 4950
222 220 281 294 iae
636 224 868 286 anuinium
1109 199 1280 303 [ineos.

218 384 390 465 bertrami
403 384 547 459 familiari
559 385 713 475 Principis
726 388 759 455 in
767 388 849 455 Asia
858 387 994 485 inpositi.
1016 386 1132 470 Abbir
1145 390 1281 455 Procon-

220 474 279 540 suli
293 491 448 547 venenum
462 469 543 535 inter
559 472 667 559 epulas
681 474 793 552 datum
812 487 859 540 est
872 485 1020 560 apertius,
1035 497 1132 572 quam
1144 486 1181 539 ut
1195 474 1280 539 faile-

218 572 296 628 rent.
341 558 408 621 Nec
426 557 529 623 minus
550 572 714 646 properato
736 559 910 637 Narcissus,
934 558 1058 623 Claudii
1080 558 1220 638 ldiertus,
1241 562 1281 626 de

123 713 125 719 ¹
217 645 311 731 cujus
321 642 436 742 jurgiis
450 644 599 709 adversus
613 642 824 731 Agrippinam
842 643 946 722 retuli,
966 667 1075 732 aspera
1093 646 1234 711 custodia
1248 661 1279 711 et

217 741 396 795 necessitate
410 740 547 796 extrema
557 729 599 793 ad
616 744 748 795 mortem
760 731 882 817 agitur3
904 729 1003 794 invito
1011 731 1166 817 Principe,
1188 734 1280 819 cujus

216 816 331 881 abditis
349 815 452 881 adhue
467 814 559 893 vitiis,
574 836 631 902 per
639 815 799 881 avaritiam
814 838 850 881 ac
869 814 1107 903 prodigentiam,
1119 818 1195 882 mire
1208 842 1280 882 con-

259 902 363 967 nebat.

217 925 306 1059 gru.
332 987 504 1072 Ibaturque
518 986 551 1054 in
567 986 678 1066 caedes,
697 986 755 1051 nisi
768 986 922 1051 Afranius
935 988 1069 1065 Burrus,
1090 1001 1123 1051 et
1136 990 1279 1054 Annaeus

219 1074 334 1137 Seneca
348 1072 472 1135 obviam
485 1072 589 1135 issent.
634 1072 681 1137 Hi
694 1083 834 1148 rectores¹
843 1072 1057 1160 Imperatoriae
1073 1074 1226 1160 juventae,
1248 1089 1281 1139 et

218 1164 338 1243 (rarum
352 1156 384 1219 in
400 1156 543 1221 societate
556 1158 719 1245 potentiae)
730 1157 912 1239 concordes,¹
920 1159 1042 1223 diversa
1052 1172 1118 1223 arte
1132 1178 1171 1223 ex
1189 1184 1280 1246 aequo

216 1240 391 1329 pollebant:
415 1243 538 1308 Burrus
551 1242 735 1309 militaribus
745 1243 828 1308 curis
841 1256 873 1307 et
883 1243 1044 1309 severitate
1058 1266 1200 1320 morum;
1225 1248 1280 1309 Se-‘

217 1348 294 1425 neca
306 1328 468 1414 praecptis
487 1328 673 1419 eloquentia
688 1342 721 1393 et
737 1328 884 1394 comitate
902 1330 1050 1393 honest&
1070 1331 1218 1417 Jnvantm
1229 1330 1280 1394 in·

5 1364 6 1459 i
107 1467 110 1473 s
215 1434 327 1491 vicem,
348 1436 413 1499 quo
434 1413 558 1478 facibus
576 1412 727 1480 bibi-icam
750 1414 905 1502 Principis
925 1428 1060 1496 aetatem,
1083 1416 1109 1479 si
1131 1415 1279 1480 virtutem

215 1497 464 1585 adspernaretur,
487 1498 704 1586 ‚voluptatibus
718 1502 870 1565 concessis
895 1501 1069 1565 retinerent
1114 1493 1279 1565 Cei-tamen

216 1587 343 1670 utrique
363 1606 468 1685 unum·
481 1600 549 1685 erat
568 1600 676 1686 contra
688 1586 841 1687 ⁸ferociam
855 1586 1054 1734 Agrippinae,
1072 1610 1144 1683 quae
1161 1588 1280 1685 cunctis

216 1668 307 1733 malae
321 1670 538 1735 dominationis
559 1672 758 1759 cupidinibus
779 1672 925 1769 flagrans,
967 1672 1079 1736 abebat
1092 1694 1124 1735 m
1139 1672 1280 1759 partibus

216 1753 407 1832 Pallantem
430 1769 638 1843 quoauctnre‚
653 1756 806 1823 Claudius
819 1758 936 1845 nuptiis
944 1757 1066 1822 incestis
1075 1771 1107 1822 et
1114 1758 1281 1844 adoptione

215 1840 346 1905 exitiosa
367 1856 464 1905 semet
483 1856 686 1929 perverterat.
729 1844 793 1907 Sed
816 1866 919 1930 neque
933 1844 1052 1906 Neroni
1073 1843 1155 1907 infra
1176 1866 1279 1907 servos

215 1924 393 2011 ingenium3
417 1940 449 1991 et
464 1928 578 2006 Pallas,
591 1927 671 1990 tristi
685 1926 868 2015 adrogantia
876 1928 1004 1993 modum
1014 1928 1116 1992 liberti
1129 1922 1279 2014 egressus

217 2011 345 2075 taedium
361 2012 409 2075 sui
423 2026 570 2078 moverat.
618 2012 785 2099 Bropalam
806 2027 910 2078 tamen
927 2036 1034 2077 omnes
1052 2014 1086 2079 in
1099 2037 1168 2078 eam
1182 2014 1280 2077 hono-

217 2119 265 2161 res
279 2097 530 2177 cumulabantur,
546 2098 743 2185 signumque,
764 2122 850 2163 more
860 2099 986 2177 militiae,
1001 2100 1119 2185 petenti
1135 2098 1281 2163 Tribuno

217 2364 264 2406 aar,
283 2351 358 2397 traxit
380 2356 478 2409 armeta,
499 2350 568 2397 darec
585 2358 683 2398 mor-tem
698 2354 735 2399 ob·
767 2352 832 2412 coelo)
849 2354 953 2399 assitme
967 2358 991 2398 et
1007 2353 1114 2397 amnibus
1130 2352 1227 2397 nzodicir
1243 2354 1281 2398 in-

218 2416 272 2462 iret.
306 2416 373 2463 Nam
384 2414 633 2478 Celar,tiiterfecto,at
648 2430 735 2463 mmo-
766 2416 1153 2478 ‹ficorumitcrpropcraveratb
1167 2418 1205 2462 lo.
1228 2418 1280 2463 Por

215 2481 279 2539 ravi,
292 2480 372 2526 &Man
385 2481 534 2527 Proconsub.
569 2479 735 2543 Hicergocor·
766 2483 829 2530 idem
845 2489 934 2542 tempta
945 2483 976 2528 l..
988 2483 1048 2528 Piso
1058 2482 1173 2544 Pontifex
1185 2481 1280 2542 (raram

215 2543 364 2606 ngeniis.
398 2543 444 2591 Sed
453 2543 522 2590 etiam
531 2545 619 2592 Heliae
630 2546 735 2608 rescripsi
766 2548 793 2593 in
803 2552 869 2594 touta
879 2543 1030 2606 claritudine)
1040 2546 1097 2608 sato
1106 2547 1170 2594 obiit.
1187 2546 1281 2594 Grion.

215 2624 258 2670 pro
265 2608 639 2670 AEztm‚utjamv01uitnyckius
650 2611 732 2658 eSuet.
765 2610 828 2659 Cum
845 2609 902 2657 MS.
921 2610 959 2657 lu.
975 2609 1087 2658 consentit
1105 2609 1160 2658 MS.
1176 2611 1236 2672 Reg.
1248 2621 1280 2658 -ot

216 2672 273 2720 Ner.
285 2673 324 2720 23.
338 2681 361 2720 et
372 2671 449 2720 Dione
460 2672 500 2732 63,
514 2673 552 2719 12.
568 2673 629 2720 Edd.
637 2690 673 2736 pr.
684 2674 733 2721 Pu.
764 2674 825 2738 Agr.
841 2674 879 2722 ed.
895 2690 931 2736 pr.
946 2675 999 2731 nisi,
1014 2674 1076 2736 quod
1092 2675 1190 2722 alterum
1206 2682 1230 2721 et
1245 2685 1286 2724 sst-

214 2735 297 2784 teolan.
314 2735 411 2798 aliaeque
427 2744 481 2783 vett.
500 2750 580 2784 omnes
597 2739 667 2789 Elius
684 2739 733 2786 sine
765 2748 819 2786 ante
830 2742 945 2800 potentia.
967 2739 1073 2786 ·Puteol.
1089 2741 1146 2799 pori
1166 2741 1192 2786 ia
1207 2742 1281 2802 socia

199 2800 384 2864 ‘adspirationer
402 2799 468 2865 quod
475 2798 560 2848 frustra
570 2811 688 2850 mutatum
700 2813 734 2851 est
764 2809 821 2862 tate,
833 2805 991 2864 potentiaque,
1008 2811 1036 2850 ut
1051 2811 1085 2850 est
1100 2804 1126 2849 in
1142 2802 1220 2851 Gueif.
1236 2819 1279 2864 que

214 2865 340 2914 inAEliua.
373 2863 475 2912 Romani
488 2864 554 2912 Helii
564 2865 623 2912 nulli
634 2875 697 2924 sunt,
706 2875 734 2915 ut
764 2867 849 2915 delevit
868 2867 1004 2915 Rhenanus.
1041 2869 1157 2915 Poteratae
1175 2867 1278 2931 primuni

215 2929 294 2978 docuit
307 2927 442 2986 Perizonius
464 2929 489 2976 in
508 2929 575 2993 Trig.
592 2929 644 2978 diss.
662 2947 687 2994 p.
699 2947 733 2979 m.
764 2931 789 2978 in
806 2931 872 2994 Irips.
888 2931 942 2978 edd.
958 2931 1039 2993 reperi.
1079 2933 1169 2979 Parem
1183 2935 1278 2979 socicta-

217 2991 454 3042 151.etdenummis
463 2993 677 3058 Consulenp235.
696 2985 733 3044 At
765 2998 938 3057 temperentia,
950 3011 994 3059 pro
1005 2997 1084 3058 paria,
1095 2995 1185 3060 ferrem.
1213 2996 1279 3044 Nam

215 3057 254 3106 hic
268 3069 302 3106 est
319 3073 404 3106 nomen
428 3058 535 3106 Gratum
553 3059 635 3119 liberti.
675 3059 732 3109 MS.
763 3060 876 3121 adjectiva
891 3060 961 3109 etiam
973 3060 999 3108 in
1010 3059 1062 3107 aliis
1075 3059 1170 3108 Tacina
1185 3075 1281 3124 permu-

217 3121 296 3186 Guelf.
306 3123 375 3186 plane
386 3122 581 3180 Heliurexhibet,
594 3131 677 3184 etanta
687 3127 732 3173 Ce-
763 3132 806 3184 tat,
822 3134 850 3173 ut
863 3120 1134 3187 supendimuaetque
1149 3125 1218 3171 etiam
1231 3125 1280 3183 alii,
1335 3129 1338 3133 '

215 3188 296 3234 lanua
329 3186 391 3234 Mox
409 3187 448 3234 aa
465 3201 478 3233 e
497 3187 546 3234 cod.
563 3188 600 3234 Fi.
621 3187 731 3236 Picbena.
763 3188 789 3236 in
815 3189 971 3255 rimispoenp.
991 3189 1023 3237 V.
1034 3188 1132 3236 nxmra
1143 3189 1281 3236 9.adSuet.

215 3251 286 3299 Sicet
303 3249 339 3298 ed.
354 3266 390 3312 pi.
407 3250 480 3313 Vuig.
495 3252 534 3310 iis,
546 3251 575 3298 de
587 3267 635 3315 qua
650 3252 731 3301 confu-
827 3253 991 3302 Boxhornium
1007 3267 1088 3300 verum
1110 3252 1192 3300 vidisse
1212 3261 1278 3316 puto,

215 3313 278 3364 sione
289 3313 464 3378 supradictum.
480 3313 553 3363 Ena.
763 3318 831 3378 cujus
841 3318 1000 3366 annectionem
1009 3324 1143 3364 secutusest
1152 3316 1280 3364 Broterius.

249 3381 344 3444 Heruli]
364 3378 394 3424 V.
407 3378 496 3432 1265.
763 3381 840 3446 quue
848 3381 960 3443 judicavit
971 3382 1040 3430 etiam
1053 3379 1173 3428 Heinsius.
1206 3382 1279 3429 Rece-

247 3445 289 3492 Aa
306 3459 337 3492 m.
356 3444 451 3507 agitur]
470 3442 528 3492 Cod.
548 3445 608 3506 Agr.
622 3445 731 3509 adigitur
763 3447 919 3509 pitRyckius.
937 3445 1010 3492 Ean.
1043 3445 1106 3493 Item
1118 3445 1278 3509 Lauernip.

217 3509 247 3556 ad
258 3525 291 3556 m.
323 3506 392 3555 ldem
405 3522 458 3555 mox
469 3510 495 3555 izi
506 3522 548 3572 pro
559 3511 613 3557 atsi.
764 3511 819 3572 Ipse
828 3521 922 3573 quoque
937 3506 1028 3573 recepi(
1051 3510 1081 3556 In
1098 3509 1161 3556 ssua.
1174 3511 1199 3556 τὸ
1210 3525 1278 3571 quea

248 3575 312 3621 Pari
323 3575 349 3619 i'a
367 3575 472 3620 sanitae
484 3575 548 3636 pot]
567 3573 593 3620 si
608 3575 665 3638 quid
677 3589 730 3623 niu-
764 3577 788 3622 2.
798 3590 831 3622 m.
843 3583 891 3623 erat
902 3566 1043 3635 adjectum>

215 3637 322 3697 tandum,
335 3637 427 3698 legemr
440 3639 511 3698 paria
528 3639 552 3684 iii
569 3641 675 3687 socbtatc
686 3653 730 3702 po·
772 3658 775 3664 ¹
796 3641 873 3686 Μαῖα
892 3639 993 3699 aratia]
1010 3638 1048 3687 Sic
1119 3653 1153 3700 pr.
1170 3638 1278 3685 Beroald.

215 3704 300 3750 tentia.
333 3700 380 3750 Sed
396 3701 436 3748 vix
452 3716 517 3764 opus,
531 3701 573 3750 etsi
591 3703 630 3750 alii
646 3719 731 3752 conan-
763 3704 818 3751 Alc.
834 3704 874 3750 sed
891 3703 970 3751 Guelf.
986 3703 1040 3762 ΡΨ.
1064 3703 1150 3757 malim
1172 3702 1235 3764 quod
1255 3701 1279 3765 (e

215 3775 261 3814 tur.
278 3765 354 3814 Iura.
386 3765 670 3830 Boxhomiusevcstigiis
681 3769 730 3816 cod.
764 3768 838 3826 Bud.)
856 3767 956 3816 restituit
970 3766 1106 3823 Rhenanus,
1123 3765 1194 3828 idque
1207 3767 1279 3814 secuti

215 3830 278 3880 Flor.
295 3832 336 3894 qui
351 3831 429 3889 habet,
445 3837 469 3878 rt
478 3846 567 3891 parum
583 3833 609 3879 in
625 3835 732 3882 tractate
764 3842 818 3881 sunt
828 3831 914 3892 Aldus,
924 3831 1057 3894 Gryphius:
1075 3845 1130 3878 sane
1137 3831 1226 3893 proprie
1235 3831 1280 3879 boc

211 3897 318 3957 potata
336 3902 359 3942 et
375 3895 504 3954 cmtcordca,
524 3895 623 3959 corrigit,
641 3898 676 3960 (et
691 3913 732 3944 ra·
764 3897 903 3958 adjectivum
910 3895 1054 3943 referendum
1060 3895 1145 3942 eratad
1153 3896 1279 3956 cupidinea.

215 3963 313 4007 ramira
335 3961 440 4007 amatote
457 3959 580 4022 potentio)
602 3963 731 4010 carrades.
764 3961 855 4011 Verum
866 3961 913 4008 vid.
928 3969 975 4008 not.
992 3959 1090 4022 pracati.
1105 3959 1172 4007 etsie
1182 3961 1280 4017 όμοιοτί·
1322 3981 1325 3991 =

215 4023 330 4084 Felicitan,
344 4033 371 4072 ut
385 4033 450 4085 puto.
482 4023 521 4072 Sic
531 4040 601 4088 supra
613 4027 636 4084 l,
648 4026 688 4073 39.
705 4027 732 4073 nt
764 4033 836 4074 λευτα
847 4025 956 4084 vitantur.
971 4024 1044 4071 Eam

215 4090 328 4153 aquilifer
356 4089 501 4156 Calpurniae
526 4091 576 4136 nim
603 4097 731 4138 ratreamm
796 4091 1012 4150 lmeaaetadopa
1045 4087 1083 4136 cf.
1096 4087 1172 4146 lan.
1187 4088 1264 4146 5,25.

211 4155 336 4214 'arcuisset
359 4154 454 4216 (rorum
472 4154 544 4199 etiam
562 4156 623 4204 inter
646 4155 731 4214 boma)
795 4154 1014 4216 Infraservosiug.
1035 4151 1133 4212 velta,
1146 4154 1185 4200 83.
1207 4152 1279 4214 Infra

216 4216 321 4275 Legata.
350 4220 382 4264 P.
406 4218 438 4264 R.
461 4217 577 4264 nomana
599 4221 625 4266 iic
647 4221 732 4266 castris
764 4219 930 4265 rrroosclteas.

216 4281 330 4338 sanguine
345 4295 386 4327 rao
402 4283 490 4329 altaria
507 4284 586 4329 Deam
600 4298 731 4330 commacu-
797 4284 901 4344 Signum
916 4297 979 4328 more
996 4283 1100 4347 mnam]
1119 4281 1218 4343 Signum
1233 4282 1279 4328 sive
1302 4278 1310 4302 ⁴

216 4343 316 4392 barat
350 4343 411 4406 item
428 4361 447 4394 c.
460 4349 499 4396 56.
516 4363 571 4395 raam
588 4349 683 4412 (raram
694 4350 731 4396 tut
765 4357 847 4396 tessera
853 4361 943 4410 semper
951 4346 1064 4395 Tribunis
1071 4347 1133 4404 data,
1142 4347 1211 4394 etiam
1219 4347 1278 4408 Rep.
