3042 4950
204 189 262 247 roo
437 244 444 257 ,
626 188 856 253 aunuuruu
1105 195 1278 267 [suero.

211 349 338 427 tamine,
353 344 480 411 familiae
497 340 611 415 nostrae
626 353 764 417 Penates·
777 353 836 419 rite
850 355 1067 441 composuisse.
1084 392 1086 399 >
1103 356 1278 421 Prohibent

212 434 363 514 Romani,
375 446 408 497 et
420 455 540 518 pacem,
551 435 630 523 ipsis
645 459 817 525 numquam
832 463 979 527 prospere
992 438 1175 520 lacessitam,
1191 464 1276 505 nunc

147 520 154 536 ¹
212 544 341 607 quoque
354 518 387 582 iu
398 519 531 584 exitium
545 543 637 585 suum
649 522 853 610 abrumpunt.
877 528 951 590 Non
961 524 1014 588 ibo
1025 524 1162 591 inficias:
1179 527 1279 613 aequi3

212 619 276 669 tate
286 628 383 692 quam
394 606 556 692 sanguine,
567 630 676 671 caussa
685 630 783 692 quam
793 610 897 687 armis,
909 609 1039 674 retinere
1050 624 1141 711 parta
1149 610 1277 699 majori-

212 690 273 755 hus
280 690 467 757 malumam:
479 690 709 756 sicunctatione
717 692 847 779 deliqui,
857 694 973 759 virtute
981 718 1143 783 corrigam.
1165 700 1277 761 Vestra

213 777 342 863 quidem
360 776 407 841 vis
428 790 459 841 et
480 775 580 865 gloria
598 776 630 840 iu
648 777 771 863 integro
789 791 846 856 est,
866 779 974 845 addita
991 782 1151 849 modestiae
1167 782 1273 855 fama;

209 886 282 949 quae
300 884 403 949 neque
417 861 546 935 summis
564 862 742 927 mortalium
756 864 930 949 spernenda
948 878 1005 945 est,
1020 880 1052 931 et
1070 868 1175 931 aDiis
1193 868 1274 933 aesti-

212 950 345 1024 matur.”
368 946 468 1011 Simul
483 946 658 1011 diadema
671 963 767 1034 caput
783 948 935 1015 Tiridatis
945 952 1080 1027 evinxit;
1121 966 1292 1052 romptam·

212 1036 354 1181 sepultum
369 1055 508 1109 manum,
524 1055 596 1118 quae
613 1033 733 1119 Regem
753 1045 794 1097 ex
807 1056 894 1099 more
908 1048 1053 1116 sectatur,
1070 976 1205 1116 bibuen,
1221 1062 1276 1106 no-

213 1120 245 1183 bi
258 1120 271 1182 i
285 1118 368 1197 viro,
379 1118 518 1197 tradidit,
534 1117 664 1204 adjectis
678 1118 918 1183 Adiabenorum
936 1122 1077 1188 auxiliis:
1102 1123 1277 1189 mandavit·

211 1228 285 1291 que,
298 1204 460 1291 Tigranen
470 1202 622 1269 Armenia
635 1204 807 1282 exturbari,
822 1204 899 1268 dum
913 1206 989 1293 ipse,
1004 1208 1112 1294 positis
1126 1210 1275 1273 adversus

213 1292 381 1376 Hyrcanos
394 1288 566 1368 discordiis,
581 1289 661 1353 vires
674 1289 810 1370 intimas,
825 1290 1001 1379 molemque
1021 1293 1094 1362 belli
1108 1294 1179 1375 ciet,
1191 1317 1274 1381 pro·

210 1375 489 1464 vinciis'Romauis
502 1374 655 1439 minitans.
1139 1405 1147 1418 ’
1247 1430 1253 1450 ,

210 1521 214 1526 ,
256 1464 327 1528 ΙΙΙ.
342 1464 423 1540 Quae
436 1462 492 1525 uhi
501 1459 674 1525 Corbuloni
688 1462 779 1525 certis
792 1462 912 1528 nuntiis
920 1462 1030 1529 audita
1043 1474 1127 1541 sunt,
1139 1462 1276 1551 legiones
1290 1484 1292 1489 ’

211 1547 290 1612 duas
311 1569 384 1612 cum
399 1546 556 1611 Verulano
577 1546 694 1610 Severo
714 1560 746 1611 et
759 1547 865 1613 Vettio
887 1548 1007 1614 Bolano
1028 1549 1201 1615 subsidium
1217 1550 1277 1615 Ti-

268 1633 301 1696 ni
321 1632 428 1710 mittit,
443 1630 565 1697 occulto
586 1646 757 1746 praecepto,
782 1635 1019 1721 “compositius
1040 1646 1164 1713 cuncta,
1179 1658 1274 1721 quam

210 1655 418 1796 iddiinantius,
440 1727 586 1817 agerent:
628 1718 747 1805 quippe
767 1718 885 1784 bellum
906 1720 1145 1807 habere,'quam
1166 1730 1275 1807 gerere

211 1803 354 1870 malebat.
400 1806 634 1890 Scnpseratque
653 1803 783 1882 Caesari,
805 1812 827 1845 “
842 1806 969 1891 proprio
983 1808 1114 1879 Duce-o
1138 1829 1176 1869 us
1196 1830 1273 1889 esse,
1292 1840 1295 1845 ·

211 1889 267 1975 qui
295 1889 480 1954 Armeniam
508 1888 710 1953 defenderet:
751 1890 885 1976 Syriam,
914 1890 1080 1976 ingruente
1109 1828 1273 1987 liologese,

211 1975 328 2039 acriore
340 1974 375 2037 in
394 1972 570 2048 discrimine
584 1975 678 2051 esse.”
721 1976 754 2037 A
792 1998 832 2038 ue
850 1975 973 2039 interim
991 1974 1127 2061 reliquas
1138 1974 1295 2061 legionesn

210 2082 270 2145 pro
290 2060 359 2145 ripa
374 2058 548 2145 Euphratis
568 2058 668 2124 locet:
692 2073 784 2123 tumn
798 2060 929 2124 tuariam
951 2058 1187 2146 prouincialium
1208 2082 1298 2125 ma-·

212 2166 289 2209 num
304 2157 421 2209 armat:
443 2143 570 2209 hostiles
583 2145 740 2231 ingressus
777 2145 906 2210 raesidiis
919 2144 1083 2232 intercipit.
1127 2146 1183 2224 Et,
1220 2146 1274 2209 uia

210 2250 476 2316 egenaaquarum
489 2229 576 2316 regio
589 2246 646 2307 est,
659 2254 711 2294 cas
797 2228 1086 2319 fontibusinposita
1099 2254 1106 2293 :
1121 2253 1166 2317 qu
1220 2252 1273 2296 am

210 2317 293 2381 rivos
305 2327 455 2403 congestu
468 2338 571 2381 arenae
584 2314 717 2381 abdidit.

242 2495 276 2540 Is
285 2479 378 2553 tatem
388 2492 433 2554 eet]
451 2491 516 2539 Bud.
529 2506 544 2540 a
556 2492 578 2540 l.
588 2505 621 2540 m.
631 2495 726 2554 integra
756 2493 831 2556 gloria
841 2493 928 2544 Statius
938 2493 1020 2552 Silvar.
1031 2497 1056 2552 5,
1068 2495 1093 2553 2,
1105 2493 1145 2541 34.
1158 2491 1189 2541 ad
1199 2491 1275 2541 filium
1296 2511 1298 2516 ’

207 2562 254 2604 est:
757 2561 808 2618 ejus
819 2558 953 2621 Crispinum
962 2558 1079 2619 s-rigidi
1090 2572 1207 2605 rammam
1216 2559 1275 2604 Ma-

241 2624 284 2671 Ee
301 2635 366 2669 more
387 2620 501 2683 emmer]
519 2617 558 2668 Sic
577 2635 591 2668 e
612 2621 668 2670 MS.
687 2621 726 2671 Fi.
758 2623 925 2683 cathegetas
937 2623 1212 2679 Corbulo,redoomitem
1222 2623 1275 2670 teus

209 2685 282 2734 edidit
291 2687 317 2734 J.
328 2685 475 2742 Gronovius3
486 2685 518 2732 sic
528 2691 563 2731 eet
572 2684 642 2732 etiam
653 2686 678 2732 iu
689 2686 726 2734 ed.
758 2687 890 2748 sodames
901 2687 994 2734 lobaria
1017 2687 1064 2734 1110
1074 2700 1163 2747 qaoque
1173 2689 1277 2748 egregiis
1323 2732 1325 2736 ,

207 2765 244 2824 pr.
262 2752 392 2798 temtatur
410 2757 444 2796 est
460 2764 475 2798 a
492 2748 639 2796 Puteolano:
662 2750 726 2824 quod
758 2751 861 2798 maltam
879 2751 982 2798 miratae
1003 2753 1030 2798 in
1050 2751 1126 2798 annis
1147 2752 1275 2812 Bolanum,

209 2813 726 2942 ffitltmfflnthttilh
758 2815 1278 2928 titd¹tst⁰ttt⁰⁸tshtttt

210 2943 290 2996 Guelf.
303 2942 375 2992 Adde
389 2940 500 2990 Tacitum
516 2940 560 2988 inf.
572 2956 593 2990 c.
608 2944 649 2992 33.
665 2952 723 2992 extr.
759 2941 814 2990 MS.
824 2942 886 3006 Agr.
896 2941 932 2991 sd.
941 2958 976 3008 pr.
1010 2941 1095 3007 Itaque
1108 2944 1157 3003 jam
1168 2942 1276 3006 Ryelrius

208 3007 280 3056 Bru.
389 3056 393 3063 ,
757 3014 782 3056 et
796 3007 823 3056 J.
834 3007 908 3055 Gron.
922 3006 1069 3071 rescripsere:
1088 3007 1118 3054 de
1134 3022 1206 3070 esque
1219 3007 1277 3055 seri·

240 3073 363 3136 Sectatur]
375 3071 400 3120 id
410 3080 453 3134 est,
465 3067 546 3119 sectari
556 3069 620 3131 solet·
758 3079 829 3134 ptura
839 3087 862 3118 v.
874 3070 994 3134 Rycltium
1004 3070 1035 3119 ed
1042 3071 1065 3118 h
1077 3071 1094 3117 l.
1114 3070 1180 3118 Ante
1190 3070 1226 3120 ed.
1237 3088 1273 3135 pr.

243 3139 367 3199 Tigranes
382 3139 454 3185 Aren.
471 3133 605 3195 marteri]
621 3133 667 3182 Ed.
687 3150 722 3198 pr.
758 3149 802 3197 pro
828 3137 898 3183 cente
918 3135 989 3184 habet
1010 3137 1120 3195 eductis,
1137 3133 1201 3198 quod
1227 3150 1276 3183 non

206 3205 321 3251 marhot.
353 3201 424 3260 Puto,
437 3200 548 3248 Tacitum
559 3199 674 3262 scripsisse
683 3214 726 3246 er·
741 3213 873 3264 ⁴spernam.
907 3199 945 3247 Sic
959 3201 1064 3247 munium
1077 3202 1170 3248 oanan
1181 3201 1277 3263 perfir-

208 3269 293 3325 turtet,
308 3257 359 3316 *sut
379 3265 463 3314 saltem
482 3263 614 3312 mertare.
647 3263 726 3313 duesit
758 3271 809 3324 tar,
821 3264 869 3312 Cic.
882 3263 912 3310 ad
923 3262 954 3323 Q.
965 3263 1005 3312 Fr.
1018 3262 1094 3322 2,·l2.
1128 3263 1200 3310 Eun.

206 3330 321 3380 Monoeen
337 3345 392 3378 eum
408 3329 458 3378 istis
472 3327 544 3391 comit
554 3325 672 3389 Tigranen
682 3345 725 3376 ex·
790 3330 936 3379 Festiactias
945 3325 1053 3389 ment]
1064 3329 1228 3376 Festinantiat
1239 3329 1278 3378 ed.

206 3396 299 3450 turbare
306 3394 458 3453 Ameana
468 3392 586 3442 restituere
595 3391 724 3440 Tiridaten.
757 3408 794 3456 pr.
803 3393 883 3440 Rhen.
898 3393 922 3455 (e
932 3390 1010 3451 But)
1021 3406 1083 3456 sqq.
1107 3391 1181 3438 Ean.

207 3461 343 3506 Extartori
360 3467 396 3506 est
411 3473 427 3505 a
444 3455 535 3506 Puteol.
556 3463 579 3502 et
595 3457 628 3504 sic
643 3464 724 3504 mera
792 3458 898 3504 Hostiles
904 3457 1035 3520 irrgreseos]
1046 3456 1157 3518 Intelligo
1164 3455 1223 3516 loca,
1234 3471 1277 3520 per

206 3523 260 3572 edd
275 3525 363 3577 omes.
380 3532 404 3572 et
414 3522 469 3570 MS.
482 3523 514 3570 G.
524 3520 641 3568 Putamus
657 3535 723 3567 nma-
756 3537 811 3584 quae
817 3520 906 3584 ingredi
916 3521 1057 3583 provinciam
1069 3521 1157 3568 soleant
1168 3530 1209 3568 eut
1221 3537 1275 3584 pos-

207 3589 264 3635 dare
281 3603 330 3636 esse
345 3601 388 3650 pro
406 3586 523 3644 nuudare,
540 3590 568 3631 ut
583 3585 656 3641 olibi;
674 3600 724 3648 quo
757 3585 804 3632 sint
815 3583 903 3632 Parthi
926 3584 1002 3632 -Nam
1018 3584 1122 3632 nondum
1138 3584 1233 3647 ingressi
1247 3601 1276 3634 eo

207 3666 276 3706 serrsu
287 3651 474 3699 missatartan'
484 3649 550 3712 sequi
559 3646 658 3697 deberet.
686 3649 724 3696 Si·
757 3657 868 3712 ternpore.
901 3649 1046 3711 Interciperc
1061 3647 1172 3712 exprimit
1181 3648 1276 3697 Gracu-

206 3716 293 3768 militer
309 3715 370 3763 infre
387 3730 407 3774 c.
426 3716 466 3761 28.
483 3715 572 3775 operiri
588 3715 723 3774 imperauit,
756 3728 810 3770 rum
831 3711 998 3772 διαλαμέάνεινς
1021 3711 1133 3775 Polybius
1152 3713 1178 3773 5,
1194 3715 1234 3762 99.
1251 3724 1276 3761 et

205 3780 269 3828 mele
288 3781 313 3829 in
332 3777 451 3827 nonnullis
470 3778 543 3837 libris,
560 3793 603 3843 pro
624 3780 723 3839 operire.
756 3777 798 3824 alii
816 3791 876 3840 saepe
892 3776 922 3824 de
937 3774 1050 3841 impositis
1069 3775 1144 3826 itineri
1163 3777 1275 3840 presidia

206 3845 269 3893 Mox
296 3845 428 3907 conpositis
453 3842 516 3891 dedit
543 3842 674 3891 Rhenanus
699 3851 723 3889 et
756 3849 861 3892 utuntur.
896 3840 989 3889 Ettri-v

204 3925 273 4022 ili·
301 3908 331 4021 “i
363 3905 724 4020 ¹²³⁶¹i⁸⁰⁸¹³¹a¹¹⁸qisihii
756 3903 1275 4018 aist“tu‘g·tt].1i⁰¹¹ltta'¹⁰t

202 3989 302 4102 posui
332 4005 339 4020 ι
357 3987 389 4019 m·
429 3987 484 4034 pon
516 3987 557 4032 'a
756 4003 854 4098 posthad
863 3985 928 4080 cisat.
951 3986 1033 4080 JForte
1044 3985 1215 4094 Tacillrslet,
1228 3987 1275 4096 qlio

214 4137 221 4156 ,-
243 4104 321 4152 Vectio
342 4103 445 4166 Boiano]
473 4100 562 4159 Scribe,
589 4101 670 4154 Vettio,
693 4115 722 4148 ex
755 4113 828 4160 egeno
839 4111 955 4158 aquaram
965 4099 1032 4158 regio
1041 4103 1106 4157 esset,
1118 4100 1211 4146 entello
1215 4101 1274 4162 Jon-

205 4166 283 4227 lapide
293 4167 342 4230 (ap.
355 4163 600 4228 (ἱωιρ,128,5.)ε
620 4177 722 4212 nean·
755 4164 830 4234 tiliosx
845 4163 962 4223 imposito.
1005 4159 1116 4210 Gaura·
1141 4162 1273 4211 verissime.

157 4223 164 4232 '
206 4243 325 4288 avanto.
347 4243 459 4278 rrsonn.
484 4244 514 4276 n.
534 4241 655 4276 vnnrro.
673 4241 721 4274 no·
755 4227 828 4276 Eun.
861 4227 948 4274 Probat
960 4225 1089 4288 hail-Coti.
1104 4225 1162 4288 Agr.
1175 4241 1250 4288 egeas.

206 4307 364 4345 nsuoxcos.
399 4295 437 4342 Dc
452 4295 525 4355 hujus
538 4293 624 4342 Bolani
640 4292 721 4342 bellico
790 4295 907 4352 t'ongrstu
925 4297 994 4338 terra
1009 4291 1111 4354 started]
1130 4291 1167 4340 Sic
1183 4290 1219 4340 ed.
1235 4306 1273 4354 pr.
