3042 4950
253 255 317 298 tc.
332 240 399 322 aa]
600 240 673 299 ma.
695 241 761 299 xr.
786 240 870 299 cnr.
889 244 936 299 aa.
1257 242 1316 299 ara

252 420 361 467 eorum
376 403 538 479 exscindit,
553 402 656 487 plana,
671 389 766 479 edita,
782 400 901 465 validos
913 400 1127 487 invalidosque
1143 396 1210 487 pari
1225 415 1310 465 metu

254 511 322 551 com
345 489 396 553 let.

264 608 267 615 ·
297 512 461 637 >dxv11t
491 572 567 635 Non
585 572 751 649 infensum,
771 570 888 635 nedum
909 568 1013 634 hostili
1034 570 1107 635 odio
1122 571 1308 635 Corbulonis

253 680 364 721 nomen
380 658 472 721 ctiam
485 656 625 721 barbaris
639 657 823 734 habebatur,
838 668 938 741 eoque
952 654 1114 719 consilium
1128 656 1196 741 ejus
1204 655 1309 734 ,fidum

252 742 436 806 credebant:
458 764 532 827 ergo
549 742 713 827 Vologeses
732 764 834 827 neque
852 753 943 804 atrox
961 740 995 803 in
1013 762 1177 818 summam,
1194 756 1225 805 e't
1239 742 1310 827 qui-

251 826 384 890 busdam
399 826 591 913 praefecturis
604 825 745 891 inducias
758 826 845 912 petit.
875 825 1032 890 Tiridates
1046 825 1149 890 locum
1163 824 1309 911 diemque

252 910 417 997 conloquio
431 910 540 998 poscit.
578 914 721 998 Tempus
735 912 958 999 propinquum,
973 909 1069 988 locus,
1084 909 1117 973 in
1131 933 1195 998 quo
1209 932 1310 997 nuper

250 996 473 1061 obsessarum
497 999 586 1061 Paeto
607 996 742 1082 legiones
760 1010 858 1076 erant,
875 1019 947 1060 cum
967 1019 988 1058 a
1008 995 1147 1061 barbaris
1172 993 1311 1064 delectus

252 1096 342 1159 esset,
366 1083 406 1145 ob
431 1082 609 1145 memoriam
631 1080 757 1145 laetioris
781 1082 840 1146 sibi
864 1082 919 1158 rei,
942 1094 1071 1144 nonest
1091 1104 1111 1144 a
1132 1081 1310 1148 Corbulone

251 1165 379 1244 vitatus,
404 1179 440 1230 ut
465 1164 683 1230 dissimilitudo
705 1167 841 1231 fortunae
861 1166 992 1251 gloriam
1016 1181 1154 1251 augeret.
1198 1167 1230 1229 N
1270 1190 1310 1229 ue

252 1251 380 1313 infamia
396 1250 476 1315 Paeti
494 1251 687 1336 angebatur:
709 1251 796 1336 quod
816 1274 853 1314 eo
869 1250 1003 1313 maxime
1023 1250 1137 1334 patuit,
1152 1189 1312 1347 quiaedlio

252 1335 331 1420 ejus,
345 1335 501 1413 Tribuno,
513 1335 626 1399 ducere
639 1335 814 1422 manipulos
827 1348 922 1421 atque
932 1332 1052 1419 operire
1066 1333 1211 1421 reliquias
1220 1332 1311 1399 malae

252 1441 368 1505 pugnae
387 1419 559 1506 imperavit.
603 1420 665 1483 Die
686 1434 778 1507 pacta
797 1420 946 1484 Tiberius
960 1417 1150 1497 Alexander,
1171 1419 1310 1483 inlustria

253 1507 357 1589 Eques
379 1506 551 1583 Romanus,
571 1505 709 1569 minister
733 1506 813 1569 bello
834 1505 941 1581 datus,
959 1518 990 1567 et
1009 1503 1159 1568 Virianus
1172 1503 1309 1583 Annius,

251 1612 347 1675 gener
364 1590 561 1667 Corbulonis,
582 1590 721 1653 nondum
742 1592 902 1655 Senatorio
919 1603 1020 1665 aetate,
1035 1589 1090 1653 sed
1110 1612 1167 1675 pro
1189 1589 1311 1674 Legato

252 1674 372 1759 quintae
395 1674 509 1761 legioni
531 1675 693 1761 inpositus,
712 1676 743 1737 in
765 1689 864 1739 castra
885 1673 1038 1747 Tiridatis
1058 1695 1177 1757 venere,
1201 1673 1310 1737 honori

251 1760 331 1844 ejus,
349 1782 395 1838 ac,
418 1782 457 1823 ne
477 1772 628 1823 metueret
650 1760 785 1836 insidias,
803 1759 857 1824 tali
881 1760 1022 1846 pignore.
1068 1758 1178 1823 Viceni
1199 1756 1310 1822 dehinc

292 1843 373 1907 uites
393 1845 562 1931 adsumpti.
611 1843 661 1921 Et,
677 1845 743 1907 viso
758 1841 947 1921 Corbulone,
969 1847 1033 1907 llex
1056 1844 1141 1930 prior
1160 1867 1242 1929 equo
1256 1842 1311 1906 de-

252 1928 278 1992 si
288 1928 353 2027 uit:
374 1952 431 1995 nec
455 1944 619 1993 cunctatus
641 1930 790 1995 Corbulo.
835 1930 898 1995 Sed
920 1928 1015 2015 pedes
1037 1941 1167 2014 uterque
1186 1928 1312 1993 dextras

253 2034 413 2079 miscuere.

285 2188 353 2247 Ergo
368 2188 486 2249 Vologeses
500 2203 572 2249 acqua
586 2195 655 2236 atroa
666 2190 692 2235 tn
702 2204 767 2235 aum.
801 2184 836 2231 Η.
850 2188 872 2244 l,
890 2188 927 2234 ll.
941 2191 965 2244 2,
980 2190 1020 2243 79·
1030 2187 1091 2233 fitius
1101 2187 1239 2246 Alexandri,
1251 2188 1312 2236 Ala·

251 2250 328 2315 amm]
345 2252 432 2299 Sensus
450 2263 504 2301 est:
527 2252 665 2315 Vologesen,
688 2253 766 2315 quoad
798 2250 888 2298 barchae
902 2251 1069 2299 Alexandriaer
1088 2261 1144 2298 teste
1160 2252 1309 2313 JosephoA.
1400 2238 1421 2275 ‘¹

250 2330 369 2363 summam
387 2330 443 2374 rem,
465 2317 494 2365 de
513 2332 560 2381 qua
581 2318 700 2379 agebatur,
718 2319 765 2364 non
796 2316 838 2371 20,
849 2316 872 2362 3.
883 2316 925 2381 qui
936 2314 1040 2363 Philonia
1050 2314 1129 2364 Judaei
1140 2315 1215 2363 frater.
1227 2316 1257 2362 ib.
1271 2318 1309 2376 lu,

253 2379 350 2427 ferocem
374 2394 401 2441 ac
422 2381 507 2428 durum
529 2380 618 2437 fuisser
646 2379 767 2429 admisisse
801 2377 839 2424 10·

252 2444 377 2492 orationem
389 2443 475 2508 legeti3
494 2452 584 2494 tantum
599 2444 702 2494 inducias
713 2446 766 2508 qui·
832 2443 942 2492 neuma
960 2446 1016 2492 tello
1034 2445 1114 2508 didm]
1134 2444 1150 2492 i.
1169 2459 1189 2491 e.
1208 2443 1309 2506 adjutor,

252 2508 349 2556 busdam
361 2509 500 2570 praefecruus
510 2511 609 2573 petiisse,
622 2526 675 2572 quae
685 2511 766 2558 aCor.
797 2517 895 2564 exactor,
907 2509 991 2556 arbiter
1001 2509 1122 2569 adjunctus
1133 2525 1147 2556 a
1158 2509 1257 2556 Nerone.
1278 2509 1309 2554 V.

252 2572 522 2635 buloneeddigebantur.
556 2573 620 2622 Viris
631 2573 712 2633 doctis,
724 2573 766 2636 qui
798 2571 1055 2629 Gronor.0be.2,20.
1088 2573 1160 2619 Eun.

251 2645 384 2699 corruptum
396 2637 473 2684 locum
483 2645 603 2698 putarunt,
615 2638 726 2695 tenebras,
739 2646 767 2685 ut
834 2635 959 2700 Vr’otanar]
977 2636 1032 2684 MS.
1049 2637 1113 2684 Flor.
1123 2636 1159 2682 cd.
1176 2651 1210 2697 pr.
1228 2639 1308 2683 Vinia.

251 2700 340 2762 opinor,
353 2699 436 2748 offudit
447 2701 471 2746 rt
483 2715 563 2763 aeque,
575 2707 684 2764 sequente
695 2708 725 2754 ct.
737 2700 766 2748 de
795 2716 859 2757 aur,-
876 2700 939 2764 quod
954 2715 1008 2747 cum
1024 2701 1050 2749 J.
1064 2700 1136 2748 Gran.
1149 2715 1229 2747 rerum
1245 2709 1310 2763 puto.
1328 2738 1333 2743 .

251 2764 631 2892 lllllllll‘lllilssalll
647 2764 765 2877 ‘idid
796 2761 1202 2892 ἕΞ.Αῗὲ’.ἷἭεέζῗΐ.ἶζ
1216 2768 1332 2875 ”All

252 2898 327 2953 praet
338 2893 488 2940 volebatuut.
796 2892 868 2952 rium,
879 2893 958 2941 Guelt'.
968 2891 1019 2940 edd.
1031 2892 1110 2940 indeo
1121 2891 1211 2939 Puteal.
1229 2894 1310 2939 Vtatu-

256 2977 257 2982 ¹
286 2957 479 3004 Cara-delectur
487 2959 556 3021 erret]
565 2959 619 3006 MS.
628 2957 665 3005 ln.
678 2954 765 3021 (Bud.)
797 2971 848 3002 aar.
881 2956 953 3005 Ean.
985 2956 1048 3002 Bnd.
1061 2956 1171 3003 Vivanur.

252 3019 287 3068 ed.
299 3035 334 3082 pr.
346 3019 765 3072 earundeJ.Gronoriusadc.10.
830 3022 945 3067 Nondum
962 3022 1086 3069 Senatorio
1104 3027 1171 3068 arare
1200 3020 1263 3079 Qua
1276 3029 1311 3068 est

252 3083 304 3130 vult
320 3090 372 3130 tam
388 3083 488 3131 drkctm
502 3091 591 3132 ert-et
606 3084 689 3132 deinde
707 3086 766 3133 Cor.
797 3084 1151 3153 annurvigesimusqrriutumt
1181 3085 1213 3132 ibi
1221 3085 1309 3133 monui.
1351 3089 1353 3093 ’

252 3149 330 3194 talcar
340 3161 386 3194 aaa
398 3149 494 3208 vitatur,
506 3149 601 3212 quodin
611 3149 694 3196 iisdem
702 3148 767 3198 libris
798 3147 874 3195 lure.
1046 3203 1071 3210 ἱ

252 3219 286 3258 est
304 3212 405 3259 Corbulo
422 3215 580 3261 connitatur.
613 3213 659 3261 Sed
680 3213 704 3259 in
724 3212 768 3260 hac
830 3213 929 3259 Honore
938 3215 1000 3276 ejus]
1020 3213 1111 3260 lionorl
1124 3212 1254 3261 emendarit
1266 3213 1309 3260 ni.

252 3274 347 3322 lectione
355 3274 422 3338 friget
428 3283 486 3324 tum.
503 3277 566 3325 Mox
573 3277 650 3326 Rhen.
660 3281 683 3331 (e
693 3276 766 3340 Bud.)
798 3275 867 3340 psius.
880 3276 981 3324 Picheua
991 3279 1081 3341 recepit.
1103 3277 1180 3340 Atqui
1191 3277 1225 3325 fl,
1238 3279 1309 3335 Md.

252 3338 315 3386 dedit
330 3342 467 3401 augebatur,
484 3355 538 3388 cum
552 3352 606 3390 ante
622 3349 679 3389 esset
694 3357 767 3403 auge·
781 3368 785 3381 ·
798 3356 844 3389 aon
859 3343 944 3388 bonore
961 3343 1048 3390 Galboe.
1079 3341 1151 3388 Adde
1167 3341 1265 3390 Obserr.
1284 3344 1309 3399 4,

253 3405 330 3461 tatur,
349 3404 412 3466 quod
430 3405 500 3452 ctiam
519 3414 554 3452 est
568 3406 668 3453 in'MS.
687 3405 768 3454 Guelf.
801 3406 837 3452 lt.
865 3405 956 3452 Genu.
986 3405 1310 3469 Bipquoquerweperelro-

253 3466 768 3530 edd.11ips.Grypn.uiis=necvidao‚cur
798 3471 859 3516 οιοοί.
872 3468 1035 3516 Budlroaore.
1318 3497 1326 3510 κ

180 3579 184 3584 ,
230 3539 345 3593 'prorsus
355 3531 485 3581 damnetur.
518 3533 655 3596 Operiendia
666 3533 702 3582 his
713 3534 767 3582 reli·
829 3535 935 3580 Dextrae
950 3535 1076 3596 mbram]
1094 3533 1166 3592 Quod
1178 3533 1241 3596 apud
1252 3533 1308 3581 Per-

252 3594 313 3658 quiis
327 3594 425 3643 infamia
441 3597 500 3644 Preti
519 3599 639 3660 tegebatur
654 3599 766 3660 quodam·
798 3611 836 3645 sas
854 3596 990 3644 unsaraim
1007 3597 1103 3646 federis.
1135 3597 1249 3661 Josephus
1271 3600 1307 3654 18,
1345 3608 1350 3612 ’

252 3658 330 3706 modo.
357 3659 491 3708 sedamen
502 3661 686 3710 antecedentibus
696 3678 767 3724 ange·
799 3663 822 3710 9.
854 3663 883 3707 ’0
900 3659 921 3706 bl
938 3661 1069 3722 Ἀρτάὅοτοος
1087 3663 1136 3715 τούς
1153 3678 1179 3707 τι
1195 3663 1309 3724 ποτρῷους

233 3766 236 3772 ,
254 3723 322 3770 tatur
332 3723 409 3786 aptius
419 3725 517 3772 ridetur.
549 3725 595 3774 Vir
604 3726 719 3774 doctusin
730 3726 767 3773 ed.
798 3726 864 3779 Oraba
880 3723 1072 3784 ἔπώμτοτο,μηὸὶς
1088 3725 1153 3771 κακον
1169 3724 1254 3785 δράσω
1271 3727 1309 3770 arl-

253 3787 345 3850 Gryph.
367 3799 495 3837 correxerat
516 3793 649 3854 agebatur:
675 3790 766 3838 frustra.
798 3787 916 3843 τοὺς...κώ
939 3790 977 3841 τὴν
998 3787 1068 3850 tagulo
1086 3787 1155 3834 llutos
1176 3787 1230 3849 ὅπερ
1246 3789 1312 3851 μέγ..

254 3852 327 3899 ERN.
800 3872 851 3902 οτοο
862 3851 921 3913 παρὰ
932 3853 990 3898 πᾶσι
1001 3855 1048 3904 τοῖς
1061 3852 1127 3915 lxrlrrj
1136 3849 1254 3917 ssapdriporc
1263 3870 1308 3898 οτα-

287 3916 387 3977 Operlre
398 3919 508 3979 reliquias
519 3922 587 3968 nwtae
592 3936 682 3982 pugnae
693 3920 767 3980 impe·
798 3917 899 3985 ςᾶδοτγμοι
907 3920 945 3960 τοῦ
952 3918 1041 3980 θαρσεῖν
1048 3915 1182 3971 γίοοτοιτοῖς
1189 3917 1308 3972 lustrabere.

254 3981 329 4042 ravit]
339 3981 439 4042 operire
447 3983 502 4030 MS.
511 3981 766 4046 Gueltlffludabm.)
799 3983 830 4026 Ori
840 3980 882 4041 γὰρ
899 3976 925 4025 ἅτ
935 3979 1046 4035 ψεύσαιτό
1062 3978 1179 4040 τος’δοξοῶο
1194 3977 1229 4022 r‘nr’
1244 3980 1309 4024 αὐτοῦ

254 4042 304 4090 edd.
322 4055 376 4092 vett.
387 4061 475 4093 omnes.
510 4049 606 4108 Operlri
623 4048 674 4094 edd.
691 4045 767 4109 Lipsii
799 4041 1309 4103 δὸοοωςγεοομὺης,οὗὸὶποοτούτοοέοδοοάοοτη,

255 4107 332 4154 mals·
355 4108 410 4157 Vid.
421 4110 451 4157 ad
462 4125 482 4158 c.
494 4113 517 4157 2.
528 4121 586 4158 extr.
618 4111 690 4159 Etru.
800 4108 818 4153 εἰ
830 4106 918 4153 τοιάσδε
935 4107 1062 4158 ἀσφαλείας
1078 4105 1137 4159 δόσις
1151 4105 1240 4163 γίνοιτο,
1249 4105 1309 4166 παρὰ

290 4173 398 4221 Tiberim
409 4175 555 4239 Alexander]
567 4175 616 4234 Qui
631 4174 768 4222 Procurator
799 4177 843 4216 ’τῶν
865 4171 884 4216 lv
902 4171 986 4226 ὑποψίᾳ
1004 4168 1112 4221 &drusiam
1133 4168 1309 4219 καθεστηκότων.

254 4234 346 4284 Juuaeae
364 4248 417 4298 post
437 4238 547 4302 Caspium
567 4239 665 4286 Fadum.
699 4238 766 4288 Idem
798 4234 889 4281 Firmat
900 4231 1156 4282 GemistnsPlctlronl.
1177 4235 1200 4279 2.
1224 4231 1310 4279 Dere-

257 4307 324 4344 antea
332 4297 480 4350 Alexandriae
488 4303 636 4352 Alabarches.
650 4301 768 4365 Joaephur
799 4299 843 4346 bus
860 4299 935 4346 Graec.
955 4300 1087 4346 Persarum
1099 4312 1147 4344 raa·
1167 4297 1308 4352 Memorem,

256 4364 296 4422 20,
310 4366 332 4410 5.
355 4361 428 4414 Las.
455 4367 515 4418 Mox
527 4366 768 4434 AEgyptopraelectus.
799 4365 860 4425 quoa
876 4363 984 4430 dextram
999 4361 1234 4424 balaamitam
1249 4362 1312 4413 enim

737 4473 750 4502 Ἀ
