3042 4950
249 242 307 300 298
658 236 882 295 Anninus
1135 238 1306 312 neustr.

247 399 391 462 crucibus
408 397 514 475 adfixi,
528 414 584 462 eut
605 397 795 476 dammandi,
810 412 915 485 atque,
939 397 993 462 ubi
1008 396 1168 461 defecisset
1183 398 1258 475 dies,
1274 397 1305 461 in

248 506 338 545 usum
355 483 498 547 nocturni
512 483 637 547 luminis
653 498 826 549 urerentur.
870 485 990 546 Hortos
1004 506 1076 545 suos
1090 483 1118 545 ei
1133 481 1306 568 spectaculo

247 568 336 631 Nero
350 568 516 645 obtulerat,
538 580 568 631 et
585 568 717 632 circense
739 567 895 630 ludicrum
915 567 1036 641 edebat,
1058 567 1168 630 habitu
1189 567 1304 653 aurigae
1363 580 1368 588 '

247 652 419 738 permixtus
437 651 530 738 plebi,
546 652 595 715 vel
615 651 769 715 curriculo
788 652 939 715 insistens
985 651 1091 722 Unde,
1115 674 1303 737 quamquam

247 736 395 800 adversus
409 752 511 800 sontes
525 749 557 801 et
575 736 740 799 novissima
754 735 895 843 exempla
908 736 1045 812 meritos,
1060 735 1215 799 miseratio
1227 738 1304 799 orie·

247 822 350 899 batur,
368 835 526 907 tamquam
541 842 602 885 non
619 820 751 884 utilitate
766 821 901 907 publica,
918 820 970 884 sed
989 820 1021 883 in
1037 820 1186 884 saevitiom
1202 822 1302 899 unius,

246 906 495 971 absumerentur.

290 992 399 1056 XLV.
426 992 547 1055 interea
561 990 753 1054 conferendis
766 989 905 1075 pecuniis
924 1001 1099 1086 pervastata
1113 990 1213 1067 ltalia,
1232 1012 1305 1075 pro-

246 1075 355 1141 vinciae
370 1098 493 1153 eversus,
509 1076 644 1161 sociique
658 1075 768 1161 populi
782 1089 812 1138 et
823 1098 895 1159 quae
906 1074 1067 1138 civitatum
1079 1075 1184 1139 liberte
1195 1097 1305 1138 vocan-

246 1174 307 1222 tur.
355 1162 452 1246 inque
467 1182 532 1223 earn
548 1160 685 1246 praedam
701 1159 793 1222 etiam
809 1159 865 1221 Dii
886 1182 1013 1233 cessere,
1027 1160 1163 1245 spoliatis
1177 1160 1209 1222 in
1226 1162 1301 1223 urbe
1354 1224 1360 1233 ,

248 1244 380 1331 templis,
396 1258 561 1331 egestoque
582 1267 669 1322 auro,
684 1244 772 1329 quod
792 1243 968 1329 triumphis,
996 1245 1081 1329 quod
1098 1246 1187 1323 votis,
1203 1245 1303 1307 omnis

247 1424 270 1462 et
281 1414 313 1461 sic
323 1412 443 1475 aliquoties
457 1415 521 1463 Suet.
532 1425 560 1462 ut
570 1414 653 1463 Claud.
671 1415 708 1462 14.
719 1415 761 1461 ubi
827 1415 937 1488 Circense
949 1415 1066 1461 ludicrum
1080 1416 1169 1477 edetur]
1199 1414 1247 1461 Hic
1259 1415 1302 1461 ite·

245 1478 759 1591 ttetztltn‘tltltttllttt
792 1492 847 1589 {²¹:¹¹
860 1478 1304 1605 mttttttltttlffrtfll:

217 1632 219 1639 ‹
246 1607 301 1655 MS
313 1604 391 1652 Guelf.
408 1621 434 1652 eu
449 1609 608 1667 pereuntibus,
624 1616 650 1655 ut
667 1622 680 1653 e
695 1606 758 1653 Bud.
791 1602 870 1651 chium
887 1605 1036 1677 aliqrp‘dsuoe
1049 1606 1240 1653 cdmtetionisnd
1254 1605 1304 1653 haec

246 1669 317 1717 edidit
328 1668 463 1717 Rhenanus.
497 1670 567 1717 Eun.
635 1668 644 1686 ¹
792 1668 966 1717 verbadedisce.
999 1670 1076 1731 Ipsce
1091 1670 1164 1717 verbis
1177 1672 1239 1730 puli
1247 1685 1303 1731 per.

277 1734 329 1779 Aut
339 1735 495 1797 flummundi]
514 1733 613 1782 Videtur
632 1733 759 1797 significare
792 1734 882 1779 unietur
891 1733 987 1795 colligit,
998 1748 1126 1781 sennonem
1137 1749 1185 1780 cese
1198 1733 1227 1780 de
1242 1735 1305 1781 lerdis

245 1796 363 1859 Sulpicius
382 1796 398 1843 1.
414 1812 434 1844 c.
450 1804 477 1844 ut
485 1798 598 1859 firnrum
614 1800 688 1858 tergis
706 1812 758 1843 con·
787 1798 898 1857 plebeiis,-
908 1796 1305 1853 comminitiumiuissc,erKelen·

246 1861 402 1908 tretileniutu
416 1875 500 1907 cunum
515 1863 645 1909 interirent.
680 1863 759 1909 Multi
792 1860 850 1907 dorii
868 1860 960 1920 indicio,
979 1861 1003 1908 d.
1022 1860 1072 1908 XV
1093 1861 1156 1908 Nor.
1173 1860 1234 1907 unde
1254 1860 1305 1922 pls-

245 1926 352 1971 crucidur
368 1926 432 1986 affixi
448 1926 600 1987 uutstummu
616 1926 671 1972 usti.
706 1927 758 1973 Ple-
791 1924 913 1971 nissimum
934 1940 983 1972 etse
1006 1923 1129 1983 contendit,
1153 1923 1307 1971 edilictionem

245 1990 313 2049 rique
329 1991 354 2034 in
370 1989 396 2034 id
410 1991 574 2051 reservarint,
593 1990 758 2051 ubilesccisset
792 1987 976 2035 chrunuorum
999 1988 1155 2035 Neronimcm
1175 1988 1266 2050 coepicce
1281 1988 1305 2033 d.

245 2054 301 2110 dier,
313 2054 338 2099 in
350 2068 418 2097 urum
429 2055 538 2098 nocturni
555 2054 652 2098 luminis
663 2068 758 2099 ureren-
791 2050 842 2097 XV
859 2052 921 2100 Nos.
949 2056 1022 2110 Λῆροι.
1054 2050 1238 2099 Extraordinarii
1266 2050 1307 2098 isti

245 2122 294 2163 tur.
327 2115 381 2163 Sive
397 2114 464 2163 melis
480 2117 606 2175 utnunru,
627 2123 667 2163 aut
686 2123 759 2163 ntale-
791 2115 841 2161 ludi
851 2114 923 2175 fuere,
935 2116 1014 2177 quales
1025 2116 1089 2163 Nero
1099 2124 1123 2161 et
1133 2115 1197 2175 clins,
1206 2114 1307 2177 cupidus

245 2182 290 2225 riu.
318 2180 350 2226 H.
365 2183 389 2237 2,
401 2179 540 2241 infraue
557 2182 623 2227 illota
639 2182 704 2239 Quis
714 2182 759 2227 ali-
791 2177 857 2225 istius
872 2178 1088 2239 trundenensis,
1111 2178 1190 2234 edidit,
1212 2187 1307 2225 auctore

244 2244 438 2290 nurstocredidit.
468 2242 567 2289 Ovidius
579 2243 638 2291 Met.
652 2243 690 2300 lt,
703 2245 758 2293 533.
790 2240 879 2299 Tacito,
904 2243 928 2289 in
950 2242 1020 2289 hortis
1042 2244 1095 2289 suis.
1130 2242 1193 2289 Ludi
1217 2242 1306 2305 plebeii

241 2308 319 2368 picem
331 2314 353 2354 ct
364 2322 428 2353 cerne
436 2308 590 2367 ellnwntuque
602 2310 758 2367 eoelernstcm-
791 2305 846 2353 editi
864 2315 920 2353 suut
937 2307 967 2352 cb
983 2306 1102 2353 AEdilibus
1114 2306 1199 2354 'Curul
1213 2314 1307 2353 sudore

244 2386 288 2419 mee
300 2373 420 2418 Mulciber
433 2372 520 2417 urebat.
554 2371 645 2417 Giton.
679 2370 757 2417 Flnm-
792 2368 863 2417 Cicer.
875 2370 941 2417 Verr.
957 2374 981 2426 5,
1001 2370 1039 2415 14.
1071 2370 1123 2417 Nec
1137 2385 1151 2416 e
1165 2368 1239 2416 verbis
1247 2384 1306 2430 per-

243 2436 324 2482 manat
341 2450 382 2484 ser.
401 2434 437 2496 (in
452 2434 489 2483 his
506 2432 583 2497 Bud.)
601 2443 623 2482 et
639 2432 691 2483 edd.
709 2448 758 2482 om·
792 2434 881 2481 mitius
898 2435 961 2496 plebi
978 2431 1111 2481 ullomodo
1130 2432 1207 2495 colligi
1222 2440 1305 2496 potest,

243 2513 283 2546 nes
315 2508 380 2546 raeter
394 2499 443 2547 cod.
459 2499 518 2561 Agr.
536 2499 559 2546 in
577 2502 757 2562 quostemmnti,
791 2497 891 2558 plebeios
914 2497 980 2544 ludos
1002 2495 1079 2544 fuisse.
1111 2497 1183 2545 Etru.
1217 2497 1306 2545 Plebeii

244 2577 276 2624 qu
317 2564 392 2626 placet
403 2562 500 2626 Ryckio.
534 2563 580 2611 Sed
591 2563 638 2610 sive
648 2564 699 2617 hoc,
710 2563 758 2610 sive
790 2576 883 2624 quoque
898 2562 988 2609 AEdilcc
1005 2561 1104 2624 plebeios
1120 2561 1188 2608 ludos
1206 2561 1306 2608 eelebre-

243 2625 304 2673 illud
314 2629 410 2688 placeat,
422 2627 469 2674 sive
486 2624 550 2674 eliud
563 2627 628 2690 quid,
647 2629 672 2673 τὸ
689 2634 757 2688 utque
792 2627 856 2672 bant.
864 2682 867 2687 Ι
876 2625 929 2672 niv.
940 2626 980 2684 31,
992 2630 1016 2673 t.

244 2690 367 2738 molestum
389 2699 437 2746 ectr
464 2690 526 2753 quod
550 2691 608 2738 mihi
632 2691 756 2738 delendum
828 2689 871 2736 Vel
879 2691 967 2736 circulo
977 2689 1097 2752 inrisum]
1125 2687 1306 2750 Egopcrsevero

244 2753 341 2802 videtur.
396 2756 541 2811 Flammae-e,
570 2764 594 2802 et
619 2754 757 2818 supplicium
791 2754 866 2814 legere
887 2755 925 2800 uel
950 2754 1075 2806 umento,
1100 2751 1212 2799 sententis
1236 2751 1306 2812 place

244 2818 287 2866 hoc
297 2818 396 2866 illustret
413 2817 514 2880 Scaliger
530 2817 629 2866 Emend.
646 2828 716 2882 temp.
734 2834 757 2881 p.
792 2817 889 2865 volare.
930 2816 1004 2871 Nero,
1014 2815 1099 2878 inquit,
1112 2815 1228 2862 interdum
1238 2815 1306 2877 quasi

244 2882 301 2930 471.
328 2883 400 2929 ΕΒΗ.
431 2881 469 2930 De
479 2883 523 2929 isto
534 2883 635 2930 cruciatu
646 2898 668 2930 v.
680 2891 703 2930 et
712 2882 758 2929 lu·
790 2889 904 2942 spcctntor
932 2880 1104 2927 irnnticcebctur
1133 2878 1205 2941 plebi,
1234 2877 1305 2925 icter-

244 2948 332 3004 vent,
349 2948 405 2992 235.
439 2946 479 2993 Ex
496 2945 592 3009 Sulpicii
603 2945 677 2994 verbis
688 2945 757 2993 Tuci-
790 2944 848 2990 dum
871 2945 947 2991 currui
974 2945 1101 2998 insistebat,
1129 2951 1156 2989 ut
1182 2942 1305 3004 aurigatur-

244 3018 296 3058 tum
313 3010 434 3058 emendare
449 3019 515 3071 perat
538 3009 619 3057 Hillerv
639 3010 696 3056 linc.
716 3011 756 3058 20.
792 3008 888 3070 Proprie
899 3009 1040 3055 insistebant
1064 3006 1154 3052 Plinius
1165 3005 1239 3068 Epist.
1247 3008 1271 3062 9,
1281 3006 1306 3052 6.

242 3071 299 3136 legit
310 3074 397 3137 quippe
407 3080 449 3121 cut
459 3076 580 3133 flammari
593 3073 706 3134 plerique,
718 3074 758 3119 nli
793 3072 845 3126 Quo
861 3074 938 3131 mugit
952 3074 1027 3117 rnlror
1045 3076 1078 3117 rot
1097 3070 1172 3116 millio
1187 3071 1304 3127 uirorum,

246 3140 291 3201 defi
305 3147 347 3184 ete.
572 3167 577 3177 ·
791 3142 840 3182 tum
867 3136 1001 3194 pueriliter,
1033 3135 1159 3180 identidem
1184 3139 1305 3179 currentes

219 3229 224 3242 ·
276 3205 309 3248 ln
321 3217 390 3250 urum
400 3203 510 3249 nocturni
521 3200 628 3259 heminis]
658 3201 705 3247 Pro
721 3201 757 3263 ly·
791 3214 867 3260 equor,
879 3201 1010 3245 insistentes
1021 3199 1129 3244 currilia
1140 3198 1251 3253 nomines,
1268 3199 1307 3242 ui-

244 3266 303 3314 chno
314 3274 338 3313 et
354 3265 455 3312 lucerna.
490 3263 566 3312 Credo
576 3264 716 3313 iuvenalem
728 3265 758 3312 cd
792 3265 852 3309 dere.
875 3263 909 3308 At
919 3264 1035 3310 Neronem
1044 3275 1124 3308 currus
1135 3261 1226 3316 texum,
1236 3260 1307 3306 nimis

243 3329 288 3377 hoc
313 3330 406 3376 saevitiae
427 3343 499 3391 genus
521 3339 633 3391 spectasse
656 3331 678 3384 l,
704 3329 757 3375 155.
792 3335 891 3373 notumt
905 3326 1009 3373 Plinium
1017 3325 1097 3372 leviter
1105 3324 1209 3378 emendo,
1217 3323 1304 3380 tuit.
1363 3375 1367 3379 ,

244 3396 308 3442 Pone
323 3395 483 3454 Tigellinum.-
502 3393 560 3440 tuda
571 3395 656 3440 lucebis
671 3393 696 3438 iu
707 3394 757 3451 illa,
793 3392 856 3449 (72.)
888 3393 1024 3450 Feruntque
1039 3389 1193 3436 etNeroncm
1210 3389 1306 3434 Princi-

246 3459 299 3516 Quu
314 3464 401 3506 stanles
422 3459 512 3514 ardent,
537 3460 577 3517 qui
594 3460 646 3518 siro
660 3463 759 3517 gutture
789 3469 846 3514 pem
858 3456 902 3499 lure
913 3455 1009 3514 potione
1020 3453 1123 3498 recreari
1138 3453 1307 3508 solitum,curn

234 3524 354 3585 fumant:
379 3537 437 3584 quos
459 3535 535 3568 versm
557 3520 601 3568 scio
626 3529 648 3567 et
675 3520 759 3582 vulgus
791 3519 824 3563 sic
837 3533 924 3578 quoque
935 3532 959 3563 re
975 3517 1077 3578 trigario
1093 3513 1152 3577 (imo
1163 3514 1305 3575 trigarium)

243 3587 403 3648 interpretum,
427 3593 450 3632 ct
472 3584 588 3646 egregium
610 3583 757 3637 'Fumebum
789 3582 997 3644 approbareuellet.
1030 3579 1305 3642 ripproberetrigsrium,

242 3651 311 3712 longe
325 3649 397 3696 secius
415 3649 522 3710 occipere
558 3648 666 3696 Ceterum
683 3647 758 3709 prims
790 3646 860 3703 valet,
877 3645 994 3692 ostendere
1010 3659 1034 3690 sc
1051 3642 1181 3706 legitimum
1199 3642 1306 3703 aurigam

243 3714 292 3762 hcc
311 3712 410 3763 exercita
430 3711 454 3758 in
473 3721 576 3758 nostrum
599 3725 683 3758 nomen
706 3725 757 3756 cru·
790 3709 1078 3772 etagitntoremcquorum.
1090 3705 1165 3754 lnrs.
1179 3707 1306 3754 Curriculo

242 3777 342 3832 delitam
366 3774 485 3838 sanguinis
511 3775 578 3822 dicor
611 3789 665 3821 nem
685 3773 757 3821 Clau·
791 3773 845 3819 lllS.
858 3774 916 3835 Agr.
932 3772 994 3818 unde
1009 3771 1094 3834 recepit
1113 3769 1225 3833 Ryckius,
1240 3769 1305 3833 quod

241 3843 373 3890 diuscntea
390 3847 480 3887 tentum
498 3839 622 3902 expulerat.
659 3837 753 3884 Sueten.
789 3837 826 3883 rel
836 3837 868 3882 sic
878 3836 1034 3898 recipiendum
1046 3843 1103 3893 erat,
1121 3849 1188 3881 sensu
1201 3841 1224 3880 et
1234 3834 1306 3879 verbo

243 3904 527 3965 25.Tertu11.Ap0t5.
562 3902 680 3950 Consulite
695 3916 756 3946 conr·
790 3903 896 3946 insistens
915 3899 1047 3962 flagitante:
1071 3913 1142 3960 supra
1161 3898 1198 3952 ll,
1221 3896 1259 3942 lt.
1275 3893 1306 3942 de

243 3973 369 4018 menterior
389 3974 484 4026 vestros,
508 3969 533 4014 in
558 3967 605 4011 illis
628 3965 756 4028 reperietis,
789 3963 868 4010 eodem
878 3964 985 4010 Nerone:
1004 3962 1306 4008 velusillieurucratcur.

244 4037 367 4082 Neronem
394 4035 502 4093 primum
526 4033 552 4076 iu
577 4031 636 4075 harre
663 4035 756 4087 ructum,
791 4028 865 4072 riculo
883 4027 1054 4087 quadrigarum
1078 4026 1190 4070 numne.
1230 4021 1306 4069 Eure.

243 4107 295 4148 lum
306 4100 409 4146 inarime
425 4097 507 4141 Roenoe
521 4094 642 4149 orientem,
660 4093 757 4138 Coesuri·
790 4089 854 4138 Bud.
864 4091 957 4134 merulo.

243 4155 498 4226 anogledio'seroeirre.
518 4157 590 4204 litus.
609 4155 682 4204 MSS.
694 4155 756 4202 mor.
822 4156 898 4214 Inque
915 4168 965 4199 cum
977 4152 1097 4214 praedum]
1123 4149 1187 4199 Bud.
1203 4151 1305 4197 inerm-

244 4227 331 4287 (Bur.)
353 4225 432 4276 Oxou.
453 4221 531 4272 Guut.
551 4219 585 4268 ed.
605 4235 640 4282 pr.
660 4221 686 4267 in
704 4235 755 4266 usu.
790 4217 952 4279 queproedum.
1286 4278 1293 4287 .

244 4287 316 4337 nnn.
822 4281 898 4338 Auro,
911 4282 971 4340 quod
977 4278 1118 4343 triumphis]
1135 4278 1252 4326 Aurnmc
1263 4286 1306 4324 trr-
