3042 4950
193 212 223 254 s.
234 213 260 253 o.
275 195 339 273 48.]
534 196 609 257 LlB.
628 196 682 255 Xl.
703 196 791 254 CAP.
807 199 856 263 34,
878 204 926 260 35.
1222 203 1257 256 51

191 355 328 436 Caecina,
344 369 525 436 mutaretur,
541 358 574 422 in
593 357 702 422 eodem
722 357 893 445 gestamine
911 356 1015 422 sedem
1037 360 1134 445 poscit
1148 358 1257 426 sumit-

214 463 409 592 uXXXIV.
434 497 553 592 Crebra
569 541 640 614 post
654 527 721 592 haec
734 523 819 591 sama
831 527 903 606 fuit,
919 527 1000 592 inter
1014 526 1150 592 diversas
1164 530 1254 594 Prin·

188 609 265 695 cipis
279 633 379 687 voces,
395 633 467 675 cum
486 612 579 676 modo
594 612 747 677 incusaret
765 611 884 698 flagitia
897 613 1013 689 uxoris,
1028 611 1198 698 aliquando
1211 615 1253 678 ad

188 694 367 758 memoriam
382 697 520 782 conjugii
534 711 566 761 et
578 697 746 762 infantiam.
760 697 930 762 liberorum
950 696 1168 773 revolveretur,
1188 719 1252 760 nou

187 777 273 842 aliud
294 779 492 865 prolocutum
507 780 682 860 Vitellium,
698 805 805 868 quam,
831 791 852 822 “
867 785 896 848 0
912 782 1050 846 facinus!
1074 805 1094 845 o
1108 780 1207 845 scelus
1217 783 1249 845 !”

186 861 328 928 Instabat
342 864 470 950 quidem
484 867 658 944 Narcissus,
675 874 696 905 “
711 868 830 953 aperire
843 868 989 953 ambages
1005 880 1037 930 et
1051 867 1117 930 veri
1128 889 1165 929 co
1188 867 1249 931 iam

186 946 323 1012 faeere:''
345 947 396 1013 sed
418 973 481 1014 non
499 951 569 1016 ideo
587 951 725 1038 pervicit,
741 952 819 1037 quin
841 975 998 1039 suspensa,
1019 964 1061 1030 et,
1075 975 1140 1037 quo
1178 974 1250 1015 uce·

186 1046 305 1111 rentur,
319 1034 503 1100 inclinatura
515 1036 724 1122 responderet,
739 1037 945 1123 exemploque
958 1037 1026 1122 ejus
1041 1037 1166 1122 Largus
1181 1036 1251 1100 Cae-

186 1117 256 1182 cina
270 1133 416 1184 uteretur.
458 1124 504 1184 Et
520 1122 588 1205 jam
602 1133 668 1184 erat
688 1121 720 1184 in
742 1121 890 1207 adspectu
906 1120 1097 1199 Messallina,
1112 1121 1250 1186 claririta-

186 1202 316 1288 batque,
336 1211 358 1243 “
378 1203 500 1268 audiret
515 1203 656 1269 Octaviae
674 1217 705 1268 et
720 1205 890 1269 Britannici
911 1222 1041 1268 matrem
1050 1207 1080 1278 ;”
1101 1228 1171 1268 cum
1194 1207 1248 1270 ob-

186 1299 248 1350 stre
288 1311 321 1351 re
334 1302 503 1366 accusator,
526 1289 675 1353 “Silium
695 1301 727 1354 et
743 1313 787 1353 uu
810 1291 891 1354 tias”
909 1289 1060 1353 referens:
1085 1288 1176 1352 siund
1195 1313 1247 1352 co·

185 1370 242 1434 dic·
258 1371 313 1451 los,
346 1372 511 1438 libidinum
543 1374 669 1452 indices
697 1315 836 1454 tradidit,
862 1375 976 1461 quibus
1003 1373 1089 1436 visus
1115 1374 1247 1438 Caesaris

185 1470 345 1521 averteret.
390 1459 457 1521 Neo
479 1459 579 1524 multo
603 1472 674 1545 post
696 1461 805 1524 urbem
829 1458 1017 1547 ‚ingredienti
1039 1457 1248 1532 offerebantur

185 1563 362 1606 communes
385 1541 491 1616 liberi;
524 1544 582 1607 nisi
606 1545 771 1608 Narcissus
796 1552 817 1582 “
839 1538 975 1609 amoveri
996 1543 1071 1607 eos''
1096 1542 1248 1628 jussisset.

185 1623 346 1690 Vibidiam
361 1626 514 1713 depellere
527 1628 678 1727 nequivit,
694 1630 772 1726 quin
793 1628 892 1693 multa
905 1651 976 1692 cum
997 1625 1150 1691 invidiafl
1192 1627 1249 1691 'ta-

184 1723 243 1787 ret,
259 1716 282 1748 “
295 1734 334 1775 ne
347 1711 506 1776 indefensa
519 1735 657 1798 conjunx
670 1712 765 1778 exitio
775 1712 929 1778 daretur.”
956 1715 974 1777 I
997 1711 1071 1791 itur,
1087 1719 1109 1750 “
1123 1736 1164 1776 au
1190 1713 1249 1776 'tu-

184 1815 256 1856 rum
277 1795 466 1895 Principem,
491 1811 523 1860 et
546 1798 613 1861 fore
634 1797 775 1862 diluendi
803 1799 939 1863 criminis
966 1737 1175 1875 lienosis?
1200 1821 1248 1861 re-

185 1879 326 1964 spondit:
343 1886 365 1918 “
379 1894 439 1945 iret
452 1881 576 1946 interim
590 1882 679 1968 virgo
693 1895 724 1946 et
739 1906 825 1947 sacra
837 1884 1035 1970 capesseret.”

237 1965 390 2030 XXXV.
435 1966 557 2029 Mirum
578 1966 659 2030 inter
672 1967 740 2030 baec
760 1966 915 2031 silentium
933 1966 1075 2031 Claudii:
1099 1965 1248 2032 Vitellius

184 2047 293 2132 ignaro
339 2049 461 2134 ropior:
493 2050 596 2113 omnia
620 2049 731 2114 liberto
751 2050 954 2114 obediebant:
986 2058 1009 2087 “
1029 2051 1168 2136 patefieri
1190 2051 1247 2113 do-

184 2153 272 2228 mpni
292 2071 436 2210 adulteri,
454 2144 549 2218 atque
565 2133 639 2197 illue
653 2133 767 2198 deduci
782 2135 1029 2220 Imperatorem”
1054 2135 1154 2198 'ubet
1196 2134 1246 2196 Ac

183 2235 320 2314 primum
344 2216 376 2280 in
398 2217 561 2297 vestibulo,
581 2217 712 2304 effigiem
733 2217 830 2318 patris
852 2217 929 2316 Silii,
950 2158 1092 2282 consulto
1113 2218 1249 2314 Senatus

184 2301 342 2381 abolitam,
364 2303 570 2368 demonstrat:
598 2315 677 2380 tum,
698 2303 855 2389 quidquid
876 2318 996 2368 avitum
1017 2302 1195 2367 Nerombus
1216 2316 1247 2365 et

183 2559 246 2626 quud
261 2560 287 2607 in
304 2558 360 2608 MS.
372 2558 431 2622 Reg.
442 2566 476 2607 est
490 2574 505 2605 a
523 2562 555 2607 P.
567 2560 596 2607 In
611 2560 639 2607 C.
651 2572 698 2606 non
729 2559 749 2606 si
771 2558 836 2607 finite
854 2573 938 2621 ponere
954 2560 1063 2607 voluisse:
1080 2559 1188 2621 verbum,-
1205 2560 1243 2606 ot-

184 2625 252 2673 mulc.
285 2624 333 2671 Pro
349 2629 482 2675 mutaretur
497 2622 553 2673 MS.
569 2622 648 2671 Guell'.
659 2626 698 2670 te·
729 2622 1064 2683 strepebetdieeudumfiriesct.
1082 2621 1245 2671 baanna.

183 2692 306 2737 vitaretur.
322 2689 393 2737 Ean.
767 2688 885 2734 Vibidiam
903 2686 1014 2748 depellere
1034 2688 1150 2747 nequivit,
1171 2688 1243 2749 quin]

178 2766 185 2772 ·
220 2755 253 2801 P.
271 2755 352 2814 Largo
370 2753 476 2815 Carine]
504 2750 563 2800 Cod-
581 2750 644 2798 Bud.
664 2752 696 2797 P.
731 2750 856 2806 Quruood„
868 2749 1247 2813 mor.uuelf.ersapr.mtimit

185 2819 278 2867 terrea.
730 2814 834 2862 Pithone
840 2830 882 2877 pro
889 2814 952 2876 vulg·
961 2828 1019 2874 qeae.
1029 2812 1100 2861 Eun.
1117 2813 1245 2874 Budquoe.

221 2884 254 2928 Ie
275 2882 353 2927 eodem
368 2882 499 2941 gestaretur
515 2880 571 2953 eta]
605 2876 636 2926 Id
655 2886 698 2938 est,
770 2880 856 2939 Igitur
874 2877 1024 2939 autberum]
1051 2876 1089 2925 stc
1106 2876 1161 2925 MS
1180 2877 1243 2924 Flor-

184 2944 306 3007 ssestatoria
322 2944 385 2999 sellu,
399 2959 452 3007 quae
462 2960 476 2990 a
487 2943 586 2990 Claudio
600 2941 699 2989 deducta
729 2949 786 2989 teste
795 2941 848 2989 Jua
858 2942 931 2990 Gon.
941 2939 972 2989 ad
982 2956 1002 2987 e.
1015 2942 1053 2988 19.
1069 2946 1072 2950 '
1084 2940 1163 2987 Gueli'.
1174 2948 1197 2987 et
1207 2940 1244 2988 ed.

185 3011 208 3057 in
226 3008 291 3071 vulgi
309 3023 388 3068 usum,
404 3016 432 3055 ut
450 3007 525 3055 docui.
559 3006 597 3055 Sic
617 3006 655 3060 14,
674 3007 699 3054 4.
729 3021 764 3069 pr.
776 3005 840 3068 quod
854 3020 895 3053 eur
909 3019 956 3052 uon
972 3013 995 3051 et
1008 3004 1046 3052 hie
1060 3003 1200 3063 restituatur,
1216 3014 1245 3052 ut

186 3074 319 3121 Gentemiee
337 3074 427 3119 Baulos
441 3078 582 3133 pervertere.
615 3068 698 3133 Appa-
729 3068 1037 3132 milvulg.ergo.1ireu.
1069 3067 1133 3115 But.
1144 3069 1230 3129 tgsrer.

183 3145 219 3185 ret
229 3146 306 3183 amen
317 3137 342 3182 'm
353 3150 400 3183 uno
410 3135 536 3197 gestamine
546 3135 623 3198 plures
632 3134 699 3181 sellus
761 3136 795 3181 Ie
808 3134 918 3181 vestibulo
929 3134 1029 3193 effigiem
1041 3134 1120 3193 patri:
1135 3133 1181 3180 Sil.
1192 3146 1246 3188 eop-

183 3201 261 3257 fuisse,
282 3209 310 3247 ut
331 3199 368 3246 bic
389 3199 452 3247 vides
475 3200 500 3245 in
522 3198 635 3251 Narcisso,
657 3197 698 3260 qui
730 3198 1022 3246 sunosenoresaooteam
1031 3195 1184 3260 demoraret]
1214 3196 1245 3243 In

182 3264 262 3312 eodem
270 3262 482 3325 gestsmiuesellam
494 3261 698 3325 poseitsumitque.
730 3262 788 3309 atrio
802 3261 849 3309 eive
865 3261 890 3308 iu
906 3260 1018 3307 vestibulo
1031 3260 1116 3307 adium
1133 3259 1246 3323 imagines

183 3328 259 3376 lues.
287 3327 385 3375 Nullum
396 3327 551 3375 necessitatem
562 3325 628 3372 video
638 3323 699 3372 sella
729 3326 845 3385 majorum
856 3324 891 3371 uti
901 3323 939 3371 hic
949 3323 1001 3371 Silii
1016 3325 1093 3385 patrie.
1125 3323 1171 3371 Sed
1181 3323 1245 3372 enim

183 3391 344 3453 intelligenda,
360 3405 415 3438 curn
431 3390 501 3437 ctiam
519 3390 604 3437 lecttcoe
618 3395 698 3449 geete·
729 3388 801 3435 Silius
811 3388 913 3450 lagatus
922 3387 978 3435 olim
992 3387 1103 3435 inferioris
1114 3388 1245 3435 Germania

183 3470 236 3502 erere
253 3454 283 3502 sit
295 3458 320 3512 2,
336 3457 359 3501 2.
391 3454 435 3501 Sed
451 3462 511 3500 recte
526 3452 631 3515 Ryckius
646 3467 697 3499 mo-
728 3451 958 3499 damnatuserimine
971 3450 1244 3511 maiestatiseumuxore

183 3518 243 3577 nuit,
256 3527 391 3582 carpenmm
401 3516 584 3579 intelligendum.
614 3515 698 3579 Neque
729 3515 879 3573 SosiaGalla,
887 3523 915 3561 ut
923 3517 946 3572 l,
956 3514 993 3563 19.
1001 3524 1133 3563 uenatum:
1146 3514 1244 3578 ideoque

183 3579 699 3705 ttrt‘ttttlttttttttt:
727 3578 879 3690 lslffl?
889 3578 1256 3705 &Sim-tntu:

183 3710 263 3758 laedae
272 3708 391 3757 commode
402 3708 491 3757 dicitur.
525 3709 631 3755 Gestatio
644 3707 697 3769 qui.
729 3706 806 3754 Line.

184 3772 236 3825 dem
247 3774 317 3821 etiam
328 3772 357 3821 de
370 3773 432 3832 navi,
444 3771 555 3829 vehiculo,
567 3769 650 3818 dicitur
660 3786 697 3835 ap.
764 3770 885 3832 Quidquid
894 3771 1000 3817 mnam
1008 3770 1153 3831 Neronibus]
1171 3771 1245 3831 Lege,

185 3837 358 3897 Cdmmzlb.
383 3834 698 3896 Ceterumereemttqeeood.
729 3836 839 3881 esbum:
856 3833 919 3897 quod
928 3834 1020 3881 monuit
1028 3849 1067 3881 me
1077 3832 1121 3883 10.
1132 3834 1246 3882 Claudius

184 3902 246 3950 Flor.
260 3901 322 3949 uude
338 3900 405 3948 lectio
416 3900 497 3947 vitiosa
510 3899 545 3945 ed.
562 3913 596 3961 pr.
607 3900 699 3961 positus
731 3897 868 3946 chiffletius.
892 3898 964 3944 lars
979 3905 980 3908 ’
997 3897 1036 3945 Sic
1048 3906 1072 3945 et
1086 3898 1189 3945 Faernus
1205 3910 1246 3942 vo·

184 3969 305 4027 cernitque.
321 3964 393 4012 Eure.
411 3962 610 4023 Degerteerteev.
621 3960 701 4009 Sehct'-
730 3962 799 4009 lebet.
830 3961 1003 4009 Confundiista
1014 3958 1193 4009 verbeinlibris
1204 3972 1246 4004 no-
1309 3955 1314 3965 '

185 4028 224 4077 let.
236 4030 264 4077 de
274 4045 299 4076 re
309 4028 382 4076 vehit.
394 4026 456 4076 Bua
464 4028 539 4089 porat
550 4028 674 4087 semttqee.
730 4033 782 4073 tum
793 4033 834 4073 est.
857 4024 888 4071 V.
898 4025 974 4071 Graev.
985 4024 1015 4070 ad
1026 4024 1075 4072 Cia
1086 4024 1130 4071 Or.
1141 4038 1176 4082 pr.
1189 4020 1248 4066 Clu-

219 4094 345 4157 Posthac]
363 4092 426 4140 Bud.
432 4098 485 4153 poet
496 4092 547 4136 lter.
612 4120 614 4125 ·
731 4098 778 4136 ent.
788 4098 812 4136 et
824 4088 885 4135 infra
896 4089 935 4145 13,
951 4089 991 4133 34.
1024 4088 1086 4134 Mox
1099 4084 1174 4131 MSS.
1184 4082 1250 4131 Flos.

194 4186 199 4197 ·
221 4160 281 4205 Cum
298 4160 435 4218 obstreperet
454 4152 585 4214 arcentor]
612 4152 701 4202 Aside-
732 4153 812 4200 Guelt.
822 4147 1250 4213 Budetsapserompentruqmt
1295 4154 1298 4159 '

185 4221 271 4281 liutet
276 4220 378 4269 Freinsh.
389 4218 506 4281 arrrigunt
519 4220 661 4281 obstrepere:
678 4226 702 4265 et
731 4217 890 4264 restituimus:
899 4214 971 4275 vulgo
974 4215 1176 4273 morenae
1184 4208 1251 4257 Adel.

186 4291 280 4347 propter
295 4292 431 4333 summram
450 4282 568 4342 orationis,
585 4290 617 4345 et,
635 4280 701 4345 qiua,
733 4277 985 4351 edli.2,7t.1‘lnt·
1062 4336 1084 4395 2
