3042 4950
249 232 404 306 scas]
590 230 670 291 mn.
689 231 773 289 xrv.
802 229 890 299 car.
909 231 957 305 rr.
1265 229 1322 285 213

250 392 400 463 Proceres
419 393 567 470 Romani,
587 392 687 478 specie
704 393 881 457 orationum
896 400 928 453 et
946 389 1129 469 carminum,
1145 412 1235 455 scena
1254 388 1321 477 pol-

248 474 397 549 luantur:
416 477 499 564 quid
521 499 690 563 superesse,
714 478 770 541 nisi
794 490 831 540 ut
852 497 982 561 corpora
1003 496 1130 561 quoque
1148 475 1269 540 nudent
1287 488 1320 539 et

247 576 360 625 caestus
374 562 551 640 adsumant,
561 586 676 649 easque
689 585 812 649 pugnas
849 583 884 623 ro
896 559 1005 624 militia
1019 573 1051 623 et
1061 560 1154 623 armis
1168 561 1318 625 mediten-

248 656 300 707 tur
315 650 334 715 P.
351 646 406 715 An
424 647 580 732 justitiam
601 648 737 734 augurii,
758 660 791 711 et
836 644 954 710 ecurias
977 644 1133 731 Equitum
1156 647 1316 731 egregium

241 729 406 813 judicandi
429 755 544 797 munus
565 733 754 819 expleturos,
775 734 799 797 si
821 733 934 795 fractos
957 752 1047 795 sonos
1065 744 1097 794 et
1119 729 1316 796 dulcedinem

247 835 358 879 vocum
375 817 473 903 perite
484 818 666 883 audissent?
690 818 808 882 Noctes
820 839 946 903 quoque
956 814 1099 879 dedecori
1115 814 1264 899 adjectas,
1276 839 1317 880 ne

247 901 334 983 quod
349 915 473 989 tempus
487 903 602 989 pudori
622 901 828 988 relinquatur,
844 901 907 979 sed,
923 914 1006 964 coetu
1026 900 1212 997 promiscuo,
1251 902 1322 981 uod

246 985 473 1132 pepiditissimus
497 988 631 1074 quisque
652 1010 709 1075 per
733 987 816 1051 diem
840 984 1061 1073 concupiverrt,
1087 1008 1144 1072 per
1173 924 1315 1053 tenibras

247 1092 290 1132 au
303 1076 392 1147 ‚edi-'⁷
1331 1124 1335 1131 '
1362 1116 1366 1123 1

292 1156 397 1222 ΧΧΙ.
427 1156 577 1221 Pluribus
597 1157 666 1242 ipsa
687 1156 810 1219 licentia
830 1154 982 1242 placebat,
1002 1180 1038 1221 ac
1060 1170 1162 1220 tamen
1185 1156 1315 1219 honesta

246 1242 374 1305 nomina
420 1241 650 1305 raeteudebant:
684 1249 703 1279 “
719 1242 859 1327 Majores
883 1254 1010 1326 quoque
1035 1264 1096 1304 non
1119 1238 1315 1327 abhorruisse

247 1266 493 1409 specmcuiirum
519 1326 761 1403 oblectamentis,
786 1348 845 1412 pro
869 1324 1007 1401 fortuna,
1032 1348 1105 1411 quae
1131 1342 1199 1388 tum
1225 1336 1312 1397 erat;

191 1478 198 1487 ,
246 1432 347 1496 eoque
363 1434 383 1475 a
397 1411 511 1477 Tuscis
529 1412 642 1476 accitos
662 1411 836 1489 histriones,
856 1434 875 1474 a
893 1410 1025 1475 Thuriis
1043 1430 1197 1496 equorum
1216 1419 1315 1472 certa·

279 1584 360 1645 Specie
376 1586 510 1637 arationum
525 1591 548 1633 ct
563 1585 708 1648 sumtuum]
723 1583 765 1634 Ad
797 1586 900 1633 decumis
911 1586 1033 1647 Equitum,
1051 1582 1092 1632 ssd
1107 1597 1154 1631 non
1165 1590 1310 1632 estuecesse·

158 1650 166 1663 ⁹
246 1649 363 1696 musicum
373 1657 488 1697 certamen
499 1649 588 1697 referto.
608 1650 683 1698 lars.
713 1650 764 1696 lm·
797 1649 862 1697 Nam
877 1650 997 1697 institutas
1008 1649 1161 1710 Augustanos
1173 1654 1197 1695 et
1207 1650 1315 1695 decurias

247 1726 288 1760 mo
298 1714 369 1761 etism
379 1712 550 1761 adommrium.
562 1729 584 1761 v.
595 1729 614 1761 c
626 1715 666 1763 al.
699 1714 764 1761 Ante
797 1712 990 1775 Equitumperiv
997 1712 1030 1758 ld
1038 1714 1089 1759 δυοῖν
1096 1712 1313 1770 diciturdeiisdem,

242 1790 353 1836 prom
367 1776 434 1824 calon
450 1776 592 1840 scripsimus,
604 1786 632 1824 ut
646 1784 682 1826 ast
694 1779 764 1825 etiam
796 1792 889 1841 prorsus
899 1785 927 1825 ut
939 1777 978 1834 13,
988 1778 1027 1825 25.
1039 1777 1155 1823 iaderam
1166 1778 1315 1825 licentiantes

247 1840 273 1886 in
284 1840 319 1888 ad.
347 1857 367 1888 r.
400 1841 440 1888 Ita
449 1839 572 1889 dfflcultas
585 1842 680 1897 tollitur,
692 1855 765 1905 quam
790 1842 900 1905 fiautorcs
921 1841 1082 1889 histrionum:
1106 1855 1130 1887 ο.
1152 1840 1193 1889 46.
1224 1841 1315 1889 Pelliee

247 1903 317 1966 lingit
325 1857 455 1962 dalmas,
467 1920 539 1968 coque
552 1912 595 1952 aut
608 1911 636 1953 ut
649 1905 711 1964 addi,
723 1913 766 1952 aut
797 1907 882 1953 aadlla
892 1911 915 1952 ct
925 1907 1072 1953 assuetudine
1083 1906 1162 1952 Actes.
1190 1905 1266 1964 Num,
1278 1903 1315 1951 in·

243 1970 321 2029 pollui
335 1968 418 2032 corrigi
432 1968 490 2016 vult.
523 1969 613 2018 Pendet
626 1969 675 2017 scil.
690 1984 765 2017 metn-
798 1970 858 2033 quit,
869 1968 1049 2017 stamina
1059 1968 1154 2017 secundi
1164 1968 1251 2017 ordinis
1260 1968 1315 2032 (qui

249 2034 318 2089 hrum
328 2048 344 2080 a
356 2033 467 2096 superiori
481 2039 516 2080 ut.
547 2032 609 2081 Mox
624 2033 697 2095 possis
710 2048 767 2080 cou-
797 2032 919 2094 conscripti
934 2032 981 2081 sint
996 2041 1147 2096 cognomento
1162 2035 1315 2095 Augustano-

245 2096 316 2157 jicere
326 2103 408 2145 cadas
417 2104 520 2155 sumaat,
531 2104 558 2143 ut
568 2112 598 2144 ex
609 2097 693 2144 ultima
707 2112 767 2160 pra-
797 2112 860 2156 rum,
871 2096 997 2161 aliquando
1004 2098 1032 2153 ¹in
1046 2096 1149 2145 decurias
1163 2097 1270 2157 judicum
1280 2096 1315 2143 sl-

249 2161 349 2208 cadentis
362 2160 426 2208 verbi
439 2168 495 2208 nats
504 2161 535 2208 sit
548 2160 638 2223 syllaba
651 2164 727 2223 prims
740 2161 766 2207 in
797 2158 900 2224 legendi)
920 2161 1021 2224 paratius
1039 2169 1063 2208 et
1081 2160 1209 2223 religiosius
1225 2175 1316 2209 caumas

248 2224 359 2287 vulgato:
383 2224 495 2273 atenim
513 2224 620 2273 usitatius
640 2224 665 2271 in
684 2225 726 2272 tali
741 2240 767 2272 re
798 2226 926 2284 audituros,
943 2224 963 2272 si
978 2224 1077 2273 molliter
1095 2232 1119 2272 at
1137 2226 1206 2273 dulce
1224 2224 1316 2273 canenti

248 2288 363 2351 simplex:
380 2288 422 2337 sed
437 2288 507 2337 etism
518 2290 598 2351 Agris.
611 2290 635 2335 3.
650 2302 768 2339 ammes-e
799 2288 1012 2337 Gasarlartiticiose
1021 2288 1235 2351 pleudereetdocte
1245 2297 1316 2352 atque

243 2354 369 2413 fiduciam,
390 2368 433 2416 pro
453 2369 502 2418 quo
522 2353 563 2400 elii
583 2352 662 2417 potius
676 2368 768 2401 sumere
800 2352 916 2417 ingeniose
932 2353 1058 2401 acchmare
1076 2352 1224 2401 didicissent?
1250 2353 1315 2400 Nam
1352 2388 1353 2393 ,

242 2418 366 2478 fiduciaria.
397 2418 469 2465 ΕΠ.
502 2416 541 2465 De
553 2427 623 2466 caestu
637 2432 660 2465 v.
674 2416 768 2466 Servius
798 2416 844 2466 hoc
855 2427 889 2466 cst
895 2419 973 2482 perite
982 2418 1066 2465 audire
1076 2419 1116 2479 (ut
1125 2416 1189 2482 apud
1199 2419 1265 2466 Suet.
1275 2419 1315 2467 22.

249 2482 280 2530 ad
290 2483 347 2529 AEn.
359 2487 384 2542 5,
396 2484 451 2530 401.
800 2485 861 2531 solus
883 2486 943 2531 scire
963 2484 1047 2530 audire
1069 2485 1173 2542 &asaal
1192 2484 1316 2545 plausibus

282 2548 324 2594 Aa
341 2549 464 2609 justitiam
479 2548 591 2608 augurii]
611 2546 712 2606 Vitium,
729 2548 768 2595 cui
795 2562 923 2610 persanare
932 2549 1084 2610 firmumque
1097 2548 1222 2608 Principis
1236 2553 1260 2594 et
1276 2562 1316 2593 ua·

190 2619 193 2625 ’
249 2610 364 2667 medendo
388 2610 464 2674 impar
489 2626 540 2674 ego.
573 2613 649 2661 lars.
681 2614 768 2660 Fractt
800 2625 849 2658 cem
865 2613 945 2659 Deum
961 2612 1077 2658 vocantu
1092 2612 1216 2673 appellma
1234 2625 1316 2673 quern·

250 2676 301 2721 soni
317 2688 364 2722 uon
388 2674 517 2738 significant
537 2675 627 2739 aliquid
647 2675 678 2722 ad
693 2683 768 2723 artem
799 2675 926 2723 admodum
942 2677 1103 2738 interpretatus
1118 2675 1168 2738 ipse
1183 2674 1280 2723 Tacitus
1295 2689 1316 2723 c.

249 2739 374 2802 pertinens,
385 2738 426 2786 sed
436 2739 469 2796 id,
480 2739 544 2802 quod
554 2741 642 2788 &nem
655 2739 711 2788 diet
721 2754 768 2786 aas
801 2741 838 2787 15.
872 2738 944 2798 Quod
958 2739 1014 2802 quia
1028 2739 1098 2786 tiebat
1113 2739 1213 2797 assidue,
1228 2741 1277 2786 dies
1292 2746 1317 2786 ct

250 2805 329 2861 stria,
345 2817 399 2850 cum
413 2802 439 2850 in
450 2803 553 2852 Hercule
563 2805 664 2852 Furente
674 2803 736 2852 canit
746 2819 768 2850 v.
799 2811 884 2862 nomes,
895 2804 947 2852 ideo
960 2803 1044 2864 justior
1058 2804 1108 2852 hac
1123 2803 1211 2851 invidia
1225 2803 1251 2850 in
1267 2812 1316 2850 tsm

165 2875 170 2882 ’
250 2868 306 2913 tto.
339 2868 380 2914 Ad
395 2883 442 2927 apa
457 2870 551 2916 uirilem
569 2870 678 2930 tympani
693 2870 768 2915 mouit
799 2869 861 2915 male
877 2868 996 2931 perdentes
1011 2875 1111 2942 tempus,
1129 2867 1191 2930 quod
1207 2867 1317 2915 collocare

250 2946 340 2979 sanum.
374 2934 486 2980 Decuriae
507 2941 585 2980 autem
608 2932 722 2992 quuitum
740 2940 769 2978 ut
799 2931 907 2980 deberent
922 2931 947 2979 in
964 2932 1106 2979 saucdmrmo
1119 2931 1226 2991 judicum
1242 2931 1317 2980 officio

249 2995 311 3042 nihil
328 2996 453 3060 respiciunt
467 2995 605 3044 militarium
623 2996 767 3054 muniorum,
799 2995 915 3055 discendo,
943 2995 981 3043 cui
1006 2993 1187 3043 destinabantur.
1223 2995 1315 3044 Gnort.

249 3061 283 3107 ita
293 3075 336 3108 nec
345 3060 451 3122 augurali
461 3060 524 3108 ullus
533 3060 572 3109 hic
581 3068 615 3108 est
625 3060 689 3107 locus
698 3059 770 3107 disci-
799 3059 917 3107 Broterius
934 3060 1011 3107 locum
1027 3059 1104 3107 unsri
1121 3067 1197 3122 putat,
1215 3073 1262 3107 nna
1277 3075 1316 3107 co-

250 3125 328 3187 plina.
362 3124 454 3172 Tamen
476 3132 511 3172 at
531 3125 610 3184 etism,
627 3123 669 3186 qui
690 3124 768 3171 sensui
798 3123 855 3186 puls
865 3123 1167 3186 transpositsetrgr.t.m.
1191 3123 1315 3172 iustitiam

159 3195 162 3199 '
250 3187 766 3251 smnimeaitsasasbsquecuraverborum,
793 3188 903 3250 augurii.
917 3186 1026 3250 intelligit
1052 3197 1201 3250 auguratum.
1241 3187 1314 3246 Ean.

250 3268 303 3316 qua·
314 3251 409 3314 Lipsius
422 3260 530 3315 corrupta
543 3252 627 3300 credat.
660 3252 714 3299 Hoc
724 3268 767 3299 au-
791 3252 866 3299 .Brot.
876 3253 909 3300 its
917 3251 1031 3327 explicat:
1044 3266 1073 3298 sn
1082 3267 1206 3315 augurum,
1215 3266 1245 3300 an
1252 3251 1315 3312 judi·
1391 3303 1393 3310 ,

250 3325 298 3364 tem
320 3317 379 3364 valle
401 3315 698 3375 'ruitum,1vsttcinaturs
725 3317 768 3364 ubi
799 3330 853 3363 cum
869 3317 1005 3364 muneribus
1020 3331 1085 3378 pares
1101 3316 1191 3364 futuros
1209 3317 1315 3364 homines

250 3381 345 3443 posthac
355 3379 476 3428 inventum
486 3380 668 3432 iriseveritatem
681 3380 767 3439 judicis
798 3387 841 3428 etc.
873 3380 992 3445 Equidem
1013 3394 1068 3427 cnm
1089 3379 1202 3428 Sallustio
1221 3380 1315 3428 initium

249 3453 273 3492 et
280 3445 454 3492 sancfimonism
462 3444 583 3497 samrdotis
593 3444 653 3493 inter
662 3444 767 3492 homines
797 3443 886 3506 periodi
895 3445 969 3492 refero
979 3443 1009 3491 ud
1016 3451 1133 3505 moraes,
1145 3454 1168 3492 et
1178 3453 1230 3507 post
1237 3445 1315 3506 Equi-

249 3523 334 3571 gnaros
344 3509 451 3559 mollium
463 3523 572 3558 sonorum
582 3517 606 3557 et
616 3523 766 3557 numerorum
798 3515 850 3556 tum
863 3523 955 3557 comma
970 3509 1035 3567 tollo,
1051 3507 1095 3556 boc
1114 3523 1196 3556 sensus
1213 3524 1243 3556 an
1260 3524 1315 3573 pro-

250 3573 417 3620 musicorum?
447 3572 478 3619 Id
499 3574 550 3622 elici
570 3573 626 3621 satis
646 3573 766 3622 commode
798 3587 859 3621 ceras
878 3574 979 3622 curatius
998 3581 1140 3631 mecutmos,
1160 3573 1314 3636 quasdjus

248 3644 317 3698 putat
330 3651 360 3683 ex
372 3636 433 3683 infra
450 3638 547 3700 scriptis,
564 3653 618 3701 quas
631 3638 712 3700 positis
727 3637 766 3684 hic
798 3638 890 3699 augurii
905 3638 1036 3700 pertiuent;
1053 3651 1082 3685 an
1097 3637 1204 3701 Equites,
1215 3653 1268 3701 qua
1284 3637 1314 3685 ad

249 3700 404 3763 respondent:
421 3715 462 3748 acc
479 3704 588 3764 teipsam
597 3703 677 3764 judici
690 3716 767 3762 grave
798 3716 885 3748 munus
893 3701 1029 3762 judicandi?
1045 3701 1100 3764 Bip.
1111 3704 1211 3762 augur-d
1221 3705 1315 3750 mutant

251 3780 321 3811 aures
342 3766 427 3832 studiis
447 3765 549 3813 Maedis
569 3772 593 3812 et
610 3767 766 3827 voluptatibus
797 3766 822 3812 in
837 3780 948 3827 augures,
961 3774 985 3814 et
999 3780 1041 3827 per
1053 3766 1167 3826 justitiam
1180 3765 1315 3830 intelligunt

248 3830 500 3904 macmsisimparttra
515 3829 640 3879 Ubietiam
647 3831 765 3905 ducatus,
796 3831 844 3905 jus,
860 3831 919 3891 juris
933 3830 1052 3889 ,rationem
1073 3845 1200 3889 summam,
1218 3829 1248 3878 de
1266 3843 1315 3894 qus

249 3892 767 4020 ttss'tffittt‘ttfflstt‘tfflttttffi
799 3893 1315 4021 cwllitaffli'idssmamauma

249 4021 413 4084 posteriorem
428 4021 488 4081 loco,
502 4021 559 4085 quid
574 4029 617 4077 est,
632 4021 696 4084 quod
711 4035 767 4068 oon·
798 4023 839 4070 illa
850 4027 884 4070 uti
894 4023 1025 4086 cupiebant,
1038 4023 1078 4070 sed
1089 4026 1133 4072 sub
1147 4023 1315 4071 honestioribus

250 4085 327 4134 firmet
346 4085 412 4132 illam
437 4085 596 4134 castimoniam
618 4084 767 4134 Sacerdotis?
799 4088 937 4135 nominibus.
971 4087 1044 4134 Eas.
1203 4113 1207 4125 ‚

252 4149 354 4204 Desolis
367 4149 485 4210 judicibus
495 4159 597 4207 exeunt,
607 4149 703 4213 quiade
714 4149 768 4197 solis
832 4152 1023 4212 Spectaculorum
1031 4150 1316 4263 albmamcatispl'arnes.

248 4214 366 4274 jndicibus
377 4214 601 4263 motaeratinridia
626 4214 767 4263 Dsensmus
799 4218 977 4263 abactameatas
989 4230 1047 4264 vere.
1068 4215 1144 4264 lues.
1163 4215 1202 4262 Ed
1236 4230 1316 4266 omnes

251 4278 768 4341 ungaristaudiamussolumPichcnam,qui
800 4281 926 4328 ablativum
937 4279 1030 4327 habent.
1066 4280 1137 4328 Ean.

253 4341 346 4403 corrigit
353 4357 384 4397 aas
392 4344 726 4405 uattatossuguaanosetd.
738 4345 767 4390 E.
832 4345 856 4391 Α
873 4345 956 4391 Tuscis
967 4345 1052 4392 accitos
1063 4343 1316 4406 lsistrioaesl'l'reinsh.
1338 4377 1349 4389 .-

252 4405 334 4454 Posset
344 4406 451 4481 legista
463 4410 581 4465 isutttutos
592 4405 768 4479 Augustanus
801 4423 844 4472 pro
858 4410 940 4488 {usca
955 4416 1022 4472 putat
1033 4408 1159 4474 legendum
1173 4411 1240 4458 Oscis
1250 4423 1279 4458 es
1290 4414 1318 4469 4,·
