3042 4950
220 217 253 260 s.
268 219 295 263 c.
309 199 372 274 tu]
615 197 693 258 LIB.
708 196 778 256 Xll.
793 199 883 259 CAP.
902 203 930 259 6.
1246 204 1284 260 63

222 365 377 432 audivere
387 387 408 432 a
420 360 610 450 parentibus,
625 359 739 426 vidisse
753 360 847 459 ipsos,
861 359 964 444 adripi
981 363 1131 449 conjuges
1143 362 1187 428 ad
1197 361 1289 428 libita

225 453 401 517 Caesarum:
425 445 534 535 procul
547 445 582 510 id
599 468 619 511 a
637 462 784 532 praesenti
797 446 968 511 modestia:
991 459 1180 512 statueretur
1192 448 1290 514 immo

224 537 456 612 documentum,
479 554 543 618 quo
563 554 694 598 uxorem
722 533 899 620 Imperator
918 530 1079 631 acciperet.
1123 536 1172 596 At
1195 534 1288 612 enim,

223 645 305 686 nova
317 621 406 685 nobis
417 619 451 682 in
464 617 598 682 fratrum
611 617 690 682 filias
703 618 870 716 conjugia:
890 617 945 682 sed
955 618 1022 682 altis
1033 617 1179 705 gentibus
1192 618 1292 682 solen-

224 707 286 786 nia,
298 730 354 772 nec
362 705 431 792 lege
440 703 504 770 ulle
512 701 681 790 prohibita:
695 716 727 768 et
736 706 930 770 sobnnarum
939 703 994 769 diu
1003 704 1145 790 ignorata
1151 715 1291 787 tempore

226 891 422 953 rolumpateruar
431 902 485 952 opes
498 887 655 949 recrtperauit,
670 886 710 934 red
722 891 745 932 et
776 885 896 949 Ryclsiusr
912 895 980 936 rede
1009 885 1071 935 Mox
1082 885 1294 935 enutrimenta.

228 956 311 1016 Crispi
330 955 441 1002 Passieni
462 954 544 1001 uitrici
561 953 600 998 rui
617 951 745 998 hereditate
777 950 850 999 Era.
885 952 971 1018 Lamp.
990 966 1035 1014 quo
1048 951 1291 1016 explicatpersecun·

226 1019 369 1066 ditatusert.
398 1017 490 1065 Temen
500 1015 562 1063 id
573 1015 613 1062 ille
622 1014 745 1062 Passienus
778 1015 835 1061 dum
850 1017 928 1078 quod:
946 1031 991 1063 non
1006 1017 1076 1063 male.
1109 1015 1139 1062 ln
1155 1015 1219 1062 Flos.
1236 1022 1294 1061 teste

226 1091 294 1130 uites
314 1081 414 1130 maritus
435 1080 547 1128 Domitia
568 1078 650 1126 sororis
671 1079 745 1125 AEno-
778 1078 850 1125 Gron.
865 1087 918 1144 post
932 1082 1068 1142 Imperator
1082 1080 1224 1138 estlacurm
1241 1093 1293 1126 eam

226 1146 299 1195 barbi.
333 1145 404 1205 Quod
414 1160 444 1194 tx
455 1143 568 1204 Quinctil.
579 1142 672 1204 coffigas
683 1143 707 1200 6,
719 1143 750 1200 2,
776 1143 842 1190 Brot.
857 1143 931 1205 replet
942 1145 1016 1193 ambis
1023 1146 1115 1207 fratris
1122 1145 1203 1205 fllium
1211 1161 1220 1201 ς
1235 1143 1291 1206 Bip.

228 1211 268 1258 50.
295 1209 371 1271 Apud
381 1209 492 1256 Senecam
506 1206 536 1255 de
545 1206 589 1254 hoc
600 1205 680 1254 eodem
693 1205 745 1252 Na-
776 1207 869 1255 malunt
879 1222 977 1254 aarum
987 1224 1018 1256 ex
1030 1209 1069 1266 1³,
1080 1209 1120 1254 44.
1146 1208 1257 1254 Acumen
1267 1207 1293 1253 in

228 1281 274 1322 aar.
290 1273 381 1331 Quaest.
398 1273 421 1320 4.
437 1270 502 1334 praef·
535 1271 635 1331 Crispus
649 1270 744 1317 Passie-
777 1271 1195 1332 arripi-acciperetnotatPichena
1221 1270 1293 1317 Acci-

227 1353 281 1397 nur,
297 1351 343 1399 quo
358 1350 401 1397 ego
423 1338 459 1382 nil
474 1336 529 1381 noni
545 1337 637 1381 acutius
654 1335 679 1380 in
697 1347 746 1379 am·
773 1341 841 1396 peret
856 1334 903 1383 scil.
923 1351 953 1382 ex
967 1335 1060 1383 arbitrio
1073 1335 1110 1382 vel
1125 1347 1236 1382 consensu
1250 1347 1295 1396 po-

226 1403 295 1449 nnus
311 1402 386 1458 relus,
403 1401 506 1447 marinae
522 1401 548 1446 in
564 1398 744 1459 distinguendis,
777 1400 845 1461 palie
857 1397 1292 1462 sicnonnecesseestsddiquidquam3

226 1465 334 1527 (omnino
344 1463 414 1513 scrib.
426 1462 607 1524 distringendis)
622 1468 645 1509 et
661 1476 746 1508 aurun.
777 1478 820 1511 nec
829 1465 937 1512 manum
945 1463 1015 1512 habet
1025 1464 1089 1512 Bud.

231 1531 268 1577 dis
280 1531 354 1588 uitiis,
366 1542 425 1589 sape
441 1529 536 1586 dicebat,
548 1527 679 1572 adunationi
690 1540 746 1587 opus
813 1529 980 1592 Sutrinorum]
1006 1528 1115 1576 Sobnnas
1133 1526 1243 1590 appellat,
1260 1533 1296 1572 ta·

229 1593 548 1650 essenonclaudereostium
558 1591 597 1637 sed
607 1591 747 1650 aperireeet
777 1606 831 1638 men
842 1593 920 1654 palam
930 1601 972 1651 est,
989 1591 1087 1654 intelligi
1102 1592 1183 1638 debere
1199 1590 1228 1638 de
1239 1604 1295 1638 cou-

229 1659 322 1718 quidem
338 1659 382 1714 sie,
405 1657 595 1717 quemadmodum
611 1656 762 1701 amica-su·
777 1656 881 1703 sobrinis.
914 1656 976 1715 Quis
989 1657 1051 1704 enim
1069 1656 1114 1704 hoc
1128 1664 1226 1713 camut,
1245 1668 1294 1713 eoa,

229 1723 277 1775 let,-
291 1717 744 1783 qua,siimpulit,grataest,·gratior,
777 1735 836 1783 quos
856 1720 947 1782 proprie
965 1720 1069 1768 sobrinus
1089 1721 1170 1783 legum
1190 1727 1295 1781 auctores

228 1782 745 1910 circummanentes:
777 1783 1293 1910 usmetun..

229 1925 260 1958 ne
277 1919 355 1974 perun
372 1911 434 1958 dicto
451 1927 493 1959 sua
511 1912 599 1960 Venus.
637 1909 748 1957 Pluscula
778 1913 853 1958 bant:
877 1913 1010 1960 voculsntm
1031 1911 1096 1958 haud
1117 1926 1183 1974 aque
1210 1910 1294 1958 curiosi

230 1974 446 2023 etisminllxcurs.
464 1974 567 2023 Arida.
579 1975 656 2023 hirs.
672 1973 745 2021 MSS.
779 1983 913 2036 captatores.
955 1975 986 2022 lu
1007 1974 1090 2037 glossis
1113 1974 1192 2036 priscis
1212 1974 1293 2035 legas;

231 2038 340 2086 Seneca:
371 2041 541 2086 adulationibus
568 2053 614 2084 nora
641 2038 747 2083 claudere
779 2039 1055 2096 ’sudriaconsodrinun
1066 2040 1179 2084 radmnus.
1210 2038 1293 2085 Alilais

230 2105 324 2161 ardum
342 2103 383 2148 sed
398 2105 498 2162 aperire.
533 2099 686 2149 Smnendum
702 2100 747 2161 igi-
777 2103 831 2148 esta
842 2102 894 2163 nqis
903 2103 994 2164 μητρὸς,
1011 2103 1154 2149 consobrina.
1183 2100 1294 2161 Εῑῖξά-

230 2174 283 2214 ture
296 2167 427 2212 adunant
437 2179 478 2212 nos
485 2180 531 2212 non
540 2166 645 2211 claudere
652 2165 745 2218 artium,
778 2163 865 2224 δελφος,
876 2166 899 2210 la
914 2165 947 2210 iia
956 2164 1055 2225 diripere
1065 2169 1169 2223 tutetur,
1177 2166 1293 2212 moiri·

230 2232 415 2292 sedopponere3
433 2229 564 2290 etquidem
577 2230 620 2287 sic,
636 2228 748 2288 quemad·
777 2243 830 2274 rene
864 2228 939 2288 Quid,
953 2228 1016 2292 quod
1026 2229 1130 2276 Velleius
1144 2229 1215 2276 simili
1223 2229 1294 2276 liber·

229 2295 325 2341 modian
342 2295 423 2340 amicoe
440 2295 524 2355 uprponi
542 2293 614 2339 solete
636 2291 680 2339 hoc
704 2299 745 2350 est,
778 2299 833 2346 tate,
855 2295 879 2352 2,
898 2295 921 2343 3.
944 2295 1104 2340 amastrinam
1129 2295 1167 2340 Ti.
1191 2294 1294 2341 Graccld

129 2365 133 2375 '
231 2359 392 2404 nonobserare
406 2366 447 2404 aut
462 2355 578 2420 repagulis
591 2356 689 2414 finnare,
707 2355 747 2403 sed
780 2355 911 2418 Scipionem
927 2358 1038 2405 Nasicam
1056 2358 1172 2421 appellat3
1188 2358 1230 2420 qui
1243 2356 1294 2404 Ju-

231 2420 281 2469 sinc
299 2435 355 2480 sera,
375 2419 470 2484 dempto
485 2419 557 2481 obice,
574 2420 682 2467 uranibus
695 2427 747 2466 tan-
778 2419 970 2469 risconsultorum
995 2421 1099 2470 linitione
1123 2421 1228 2470 sobrinus
1244 2421 1296 2470 tit?

231 2484 352 2533 tummodo
362 2485 491 2545 obtendere,
504 2485 541 2533 vel
552 2486 667 2545 objectum
678 2484 747 2531 eusti-
779 2484 855 2532 Inrs.

155 2574 157 2577 ’
207 2547 492 2661 Ἦθξξῗίἒῑῗ
509 2548 750 2659 ..tutent
779 2550 1295 2664 ...lentescentem

231 2628 285 2724 dere
301 2684 344 2724 est.
376 2628 507 2723 l'erentiri‘stl
516 2627 655 2732 Phoirndsi,
671 2676 695 2735 3,
707 2676 747 2723 33.
779 2628 971 2742 glosdogra'plrum
993 2648 1069 2744 sapit’:
1093 2632 1134 2728 dut
1158 2631 1294 2743 potiusqdln-

233 2742 321 2789 Jamne
335 2742 426 2801 operuit
441 2740 548 2787 ostium?
582 2739 697 2793 Numeri,
709 2740 747 2786 15.
779 2747 1064 2804 vertamumporeadeor
1077 2744 1219 2792 etidrerum
1229 2753 1296 2807 puto.

233 2820 326 2867 egram
337 2805 439 2851 animula
450 2818 523 2851 unare
534 2804 748 2866 opeririforerjue·
779 2805 818 2852 De
825 2822 850 2853 re
859 2806 910 2869 ipss
921 2808 1059 2856 Plutarchus
1069 2817 1147 2855 auctm
1157 2808 1182 2855 in
1193 2807 1294 2868 Caussis,

231 2870 270 2916 rit.
289 2869 378 2917 Giton.
778 2879 861 2933 quest
874 2871 897 2917 6.
917 2870 958 2918 diu
978 2872 1041 2935 epod
1058 2873 1177 2920 Bonum
1192 2872 1296 2919 sobrina-

269 2934 362 2981 Vidirre
373 2934 447 2996 meos]
466 2931 575 2995 Principe
585 2930 649 2979 Caio.
666 2932 741 2979 lore.
780 2949 833 2980 rum
845 2935 953 2998 conjugis
966 2934 1070 3000 (ἀνεψιὰς
1085 2936 1134 3010 ipse
1149 2936 1258 3001 appellat,
1270 2944 1295 2985 et

265 2999 445 3053 Documentum,
463 3010 508 3057 quo
526 2997 635 3106 numeru}
660 2995 748 3059 Nugax
779 2997 1231 3062 benerertithlanderlfursseinvisa:
1249 3016 1295 3048 coe-

232 3062 318 3109 otatio:
331 3060 612 3125 quideniminonsntes
634 3070 748 3123 mperatu-
779 3062 838 3123 pisse
847 3064 1055 3112 tamenaleuicala
1065 3080 1151 3123 mussa
1163 3079 1234 3127 quam
1244 3065 1296 3127 ipse

233 3124 297 3173 ribus
308 3140 398 3189 semper
408 3126 487 3172 uxor?
504 3139 600 3189 semper.
623 3123 748 3187 Quidergo
779 3126 893 3186 denarret,
910 3128 1045 3191 faenrmque
1065 3128 1182 3176 teanum
1203 3130 1294 3192 populi,

233 3203 291 3251 opus
310 3189 331 3237 el
350 3189 383 3237 rei
401 3188 559 3237 documento?
596 3188 636 3236 Tu
653 3188 747 3251 corrige,
780 3192 852 3236 nisu
870 3192 944 3253 ὂξιῒναι
963 3194 1038 3250 γαμῶ
1060 3190 1122 3265 ἔχις
1141 3193 1244 3252 titudinis,
1264 3194 1294 3240 sd

233 3254 459 3313 quernodouuorem.
492 3251 522 3301 Id
534 3252 595 3300 enim
606 3252 656 3299 vult
666 3252 747 3300 aduls-
780 3253 801 3299 il
813 3254 912 3315 &euripo
924 3257 1072 3301 κικωλῦσθαι.
1117 3264 1159 3315 est,
1171 3256 1296 3304 licereom

139 3326 143 3335 ’
232 3324 268 3364 tar
284 3316 363 3375 homo,
378 3316 523 3380 prodendum
537 3331 585 3364 esse
597 3315 692 3379 posteris
707 3331 748 3364 ex·
779 3319 847 3365 aruo
857 3319 1214 3380 dueersmqueadcontodrinas,
1223 3336 1297 3384 supra

233 3381 346 3443 emplum,
366 3389 392 3427 ut
406 3381 535 3444 Imperator
548 3394 645 3428 uxorem
661 3380 747 3428 Senatu
780 3388 859 3429 autem
870 3385 954 3430 uetari.
982 3382 1034 3430 Hoc
1044 3384 1138 3447 quando
1148 3385 1239 3448 proprie
1249 3401 1295 3434 coe-

232 3459 325 3491 suasore
335 3452 357 3491 et
367 3452 456 3492 sudore
469 3445 551 3520 capiat.
567 3444 643 3491 Ltrs.
674 3444 747 3503 Quic-
779 3446 847 3507 perit,
865 3460 912 3492 non
933 3446 1004 3494 dicits
1028 3448 1083 3495 satis
1101 3457 1166 3497 vetus
1186 3463 1244 3509 esse,
1264 3466 1295 3498 ex

249 3506 424 3556 uidobtrectent
435 3507 515 3571 Liparo
526 3508 748 3556 PithenaetFrein-
779 3509 849 3557 Livio
867 3508 955 3567 discss;
978 3510 1042 3574 apud
1059 3528 1128 3575 quern
1146 3516 1186 3572 st,
1204 3514 1244 3560 34.
1261 3514 1295 3562 ita

300 3572 342 3631 us,
360 3572 435 3619 multo
452 3572 527 3635 magis
550 3571 629 3634 resipit
651 3571 748 3619 Latium
778 3573 881 3635 loquitur
891 3574 932 3636 Sp.
943 3574 1095 3637 Ligustinus:
1115 3580 1295 3640 cumprimum

233 3644 306 3693 tenu,
323 3642 466 3683 statueretur
487 3638 559 3682 immo
575 3636 747 3695 documentum,
779 3639 906 3685 inoetatem
918 3641 979 3696 veni,
987 3646 1057 3701 pater
1067 3642 1127 3687 midi
1138 3644 1294 3705 uxoremfra·

233 3700 344 3759 quomoda
362 3714 459 3747 uxorem
475 3702 609 3761 Imperator
626 3701 747 3760 acciperet,
779 3702 825 3748 tris
838 3703 963 3767 suifiliam
973 3704 1053 3750 dedit.-
1069 3704 1118 3752 imo
1128 3706 1194 3768 quasi
1207 3706 1232 3753 in
1242 3706 1295 3754 lau.

233 3777 306 3825 quam
316 3762 422 3810 alterum.
451 3762 505 3811 Hoc
513 3764 575 3811 euim
586 3762 645 3821 vult,
656 3772 748 3825 ternpus
779 3764 833 3811 dem
844 3766 1000 3814 hoereccuset.
1024 3768 1084 3816 Sane
1095 3770 1202 3831 conjugia
1215 3786 1242 3817 es
1253 3771 1294 3817 de-

233 3826 331 3883 venisse,
346 3835 373 3873 ut
389 3827 522 3890 exernplum
542 3827 660 3891 prodatur,
678 3827 748 3889 idque
778 3828 858 3891 inceps
871 3832 965 3879 crebra:
984 3838 1008 3878 et
1020 3832 1053 3879 sic
1066 3833 1125 3880 inter
1141 3833 1241 3881 illustres
1255 3833 1294 3881 Μ.

231 3890 281 3949 iarn
292 3889 440 3953 prodiposse,
452 3891 515 3954 quod
531 3890 675 3954 respicientes
690 3906 748 3953 quo·
779 3892 906 3942 Marcellus
926 3895 1019 3943 duliam
1038 3897 1142 3959 Augusti
1163 3897 1192 3945 F.
1214 3896 1291 3956 duxit,

234 3968 279 4016 qne
290 3953 403 4001 admoniti
413 3956 512 4003 secutmi
523 3955 639 4018 Principes
651 3954 747 4017 discam,
779 3956 824 4004 sibi
834 3958 965 4017 sobrinam3
983 3959 1068 4022 aliique
1082 3961 1167 4023 plures.
1197 3961 1297 4009 Sustrssit

234 4017 360 4080 qualiteret
368 4019 563 4083 quenadmodum
574 4029 704 4066 matronam
710 4020 747 4067 in·
780 4030 858 4068 tamen
870 4038 907 4070 ess
920 4023 982 4086 ipsas
997 4024 1090 4087 nuptias
1102 4024 1255 4082 Theodosius,
1266 4026 1297 4073 de

234 4080 350 4129 traducere
365 4082 390 4129 in
403 4084 499 4131 Penates
514 4083 592 4131 deceat
602 4083 746 4146 Augustum.
779 4100 826 4149 quo
836 4085 924 4134 Victor.
946 4088 1147 4150 Tantum,inqnit,
1152 4089 1240 4147 pudori
1251 4094 1297 4137 tm'.

234 4142 321 4193 Adhuc
332 4146 393 4194 euim
404 4147 496 4197 nullum
504 4147 637 4211 exemplum
646 4149 748 4211 conjugii
780 4151 831 4196 tart
847 4157 870 4197 et
890 4154 1044 4206 continentiae,
1063 4158 1090 4198 ut
1107 4153 1298 4202 comoiriuarum

236 4206 353 4257 cesarum
368 4211 458 4260 salubre
477 4214 577 4260 extabat.
610 4211 682 4259 Adde
698 4227 750 4275 quea
782 4215 878 4275 nuptias
899 4217 1008 4274 aduenit,
1031 4223 1150 4277 tamqstam
1172 4230 1297 4265 sororums

197 4319 199 4324 .
237 4271 369 4336 scripsimus
382 4275 440 4324 Obs.
454 4277 477 4337 4,
491 4276 529 4324 11.
547 4276 640 4327 Geton.
674 4275 713 4325 stc
728 4284 751 4325 et
782 4278 980 4343 pemiseruntque
990 4279 1073 4327 iterum
1084 4278 1299 4330 ArcadiusetHo·
