3042 4950
225 276 252 314 Α.
267 276 292 316 c.
311 258 379 336 tn]
576 258 654 317 Lm.
674 256 747 315 x11.
770 255 862 316 car.
881 261 928 316 ao.
1245 256 1283 315 ss

273 418 349 483 XL.
372 421 421 483 At
441 421 557 496 Caesar,
579 417 704 505 cognita
723 431 823 484 morte
844 416 968 502 Legati,
990 438 1029 479 ne
1046 418 1205 500 provincia
1223 417 1290 480 sine

229 516 347 567 rectore
359 503 450 581 foret,
466 504 508 573 Α.
522 502 654 567 Didium
667 500 796 566 suffecit.
840 500 873 565 Is
886 521 1018 597 propere
1031 515 1147 579 vectus,
1166 524 1229 565 non
1243 515 1289 564 ta-

231 608 302 649 men
315 586 450 672 integras
462 609 512 651 res
525 586 653 663 invenit,
669 586 798 657 adversa
814 586 937 650 intertm
957 584 986 648 le
1008 583 1086 647 'onis
1103 606 1222 672 pugna,
1236 585 1288 648 cui

232 668 372 734 Manlius
390 671 499 735 Valens
519 682 666 759 praeerat:
699 685 853 758 auctaque
871 683 903 733 et
924 691 987 756 apo
1028 668 1133 733 hostes
1154 670 1225 752 ejus
1243 668 1289 732 rei

229 752 324 831 fama,
343 778 408 841 quo
421 756 595 821 venientem
613 755 737 821 Ducem
754 768 955 832 exterrerent,
974 768 1069 840 atque
1087 752 1141 816 illo
1154 767 1289 838 augente

231 835 349 916 audita,
371 853 408 904 ut
428 841 527 928 major
547 841 616 905 laus
636 840 822 926 compositis,
844 839 904 916 vel,
927 838 952 903 si
973 836 1176 914 duravissent,
1197 836 1291 900 venia

232 921 342 986 ‘ustior
355 924 555 989 tribueretur.
599 922 715 988 Silures
733 924 766 987 id
783 946 910 1011 quoque
929 922 1078 986 damnum
1097 920 1286 993 intulerantt

262 1017 355 1093 teque
368 1009 592 1094 persultabant,
609 1008 707 1075 donec
727 1008 863 1072 adcursu
877 1007 966 1072 Didii
978 1006 1175 1094 pellerentur.
1214 1005 1288 1083 Sed,

231 1104 303 1175 post
315 1108 443 1179 captum
457 1096 670 1170 Cerretanum,
684 1091 862 1179 proecipuus
874 1092 1001 1156 edentia
1012 1091 1057 1155 rei
1071 1090 1211 1157 militaris
1226 1090 1291 1155 Ve-

232 1174 351 1255 nutius,
373 1200 390 1239 e
412 1178 597 1277 Brigantum
620 1177 753 1253 civitate,
771 1190 808 1240 ut
827 1198 922 1261 supra
944 1174 1123 1252 memoravi,
1145 1174 1291 1261 fidusque

233 1256 334 1323 diuet
349 1260 499 1324 Romams
509 1262 603 1325 armis
618 1260 774 1339 defensus,
784 1282 857 1324 cum
869 1258 1138 1325 Cartismanduam
1148 1260 1288 1344 reginam

233 1341 429 1408 matrimonio
443 1359 578 1421 teneret3
602 1367 675 1409 mox
694 1356 764 1409 orto
778 1343 918 1423 discidio,
933 1356 965 1407 et
979 1343 1082 1407 statim
1095 1341 1186 1418 bello,
1197 1342 1290 1405 etiam

233 1424 381 1492 adversus
393 1451 451 1493 nos
463 1430 587 1495 hostilia
599 1430 752 1493 induerat.
790 1428 852 1493 Sed
864 1429 965 1515 primo
978 1440 1101 1491 tantum
1114 1426 1195 1490 inter
1208 1428 1293 1511 ipsos

234 1512 418 1591 certabatur,
433 1512 612 1601 callidisque
631 1513 870 1579 Cartismandua
889 1512 1009 1576 artibus
1022 1512 1149 1574 fratrem
1163 1533 1199 1574 ac
1220 1532 1291 1594 pro-

234 1592 368 1689 pinquos
385 1598 511 1662 Venutii
529 1598 699 1694 intercepit.
743 1598 824 1661 Inde
843 1596 961 1662 accensi
979 1597 1093 1673 hostes,
1113 1595 1291 1659 stimulante

233 1681 413 1762 ignominia,
435 1704 475 1746 ne
501 1682 625 1747 feminae
645 1682 775 1767 1mperio
795 1682 1012 1757 subderentur,
1039 1679 1141 1744 valida
1164 1691 1196 1743 et
1212 1678 1292 1743 lecta

234 1763 327 1827 armis
345 1766 495 1852 juventus
514 1788 645 1852 regnum
671 1768 738 1829 e‘us
756 1765 925 1830 invadunt:
958 1764 1044 1864 quod
1066 1764 1157 1827 nobis
1179 1763 1291 1849 praevi·

235 1866 323 1939 aum
348 1863 379 1913 et
392 1850 493 1915 missae
513 1850 630 1915 auxilio
651 1790 792 1915 cobortes
808 1874 877 1914 acre
889 1849 1035 1937 proeltum
1048 1850 1167 1922 fecere;
1189 1848 1293 1934 cujus,

235 1929 324 1995 mitio
345 1934 504 2020 ambiguo,
518 1934 588 1998 linis
606 1933 706 1999 laetior
726 1934 797 1998 fuit.
842 1936 954 2019 Neque
972 1933 1087 2020 dispari
1100 1946 1213 1996 eventu
1233 1954 1293 2017 pu-

234 2026 367 2101 gnatum
380 2041 399 2081 a
412 2018 543 2104 legione,
557 2018 609 2083 cui
624 2019 742 2083 Caesius
756 2018 869 2083 Nasica
882 2032 1022 2104 praeerat.
1067 2019 1149 2081 Nam
1164 2017 1293 2094 Didius,

237 2114 392 2165 senectute
406 2103 520 2186 gravis,
531 2117 563 2177 et
573 2102 672 2165 multa
681 2103 771 2187 copia
780 2102 942 2179 honorum,
952 2125 1008 2187 per
1022 2101 1177 2164 ministros
1190 2121 1293 2185 agere,

235 2194 268 2245 et
282 2206 384 2248 arcere
398 2186 528 2264 hostem,
544 2186 616 2249 satis
628 2186 772 2250 habebat.
816 2188 905 2263 Haec,
920 2207 1110 2271 quamquam
1124 2207 1144 2247 a
1157 2184 1291 2261 duobus,

237 2268 361 2333 Ostorio
386 2268 556 2366 Didioque,
587 2268 845 2356 Propraetoribus,
893 2270 975 2333 lures
999 2292 1055 2355 per
1079 2291 1176 2333 annos
1195 2281 1294 2353 gesta,

239 2353 398 2439 conjunxi,
414 2376 452 2417 ne
468 2354 577 2431 divisa,
591 2354 677 2417 baud
735 2356 824 2419 rinde
838 2293 893 2418 arf
892 2354 1069 2417 memoriam
1085 2352 1134 2417 sui
1147 2354 1294 2419 valerent.

240 2436 295 2500 Ad
310 2451 484 2524 temporum
498 2437 635 2504 ordinem
651 2461 668 2502 r
707 2461 752 2503 eo.

271 2652 350 2713 Atque
370 2653 411 2700 3110
431 2657 531 2713 augente
551 2653 644 2716 audita]
672 2652 697 2700 J.
720 2653 748 2700 1³.
781 2652 990 2715 quodetreoepere
999 2651 1295 2714 Bipeaffietllm.

240 2713 314 2762 Gron.
339 2715 441 2778 conjecit,
459 2723 529 2777 atque
545 2717 584 2764 ille
601 2731 688 2778 augere
706 2731 749 2764 aa·
781 2717 899 2777 chonter
919 2714 1026 2778 ignorent
1046 2713 1185 2777 Geogrepbi.
1225 2715 1295 2763 Cam·

240 2779 298 2837 dita,
315 2793 361 2826 non
379 2781 489 2841 probante
509 2779 563 2826 fllia
603 2781 642 2827 Ex
663 2779 750 2826 radone
779 2779 948 2840 denespbbb
960 2778 1294 2839 conJ'ectabamorsouCantia·

780 2841 1296 2968 <uranum

239 2979 287 3015 ctas
296 2921 455 3032 perscripsgerat
464 2970 574 3016 Romam.
591 2922 662 3017 Eburi.
781 2977 863 3017 censet.
868 2969 1075 3029 Eudaemonem
1081 2985 1090 3015 e
1097 2968 1159 3016 idern
1170 2971 1291 3017 Venatiar.

276 3033 310 3079 Ut
327 3036 403 3095 major
421 3035 472 3079 brar
488 3033 619 3094 conpositi]
642 3032 751 3081 Judioavi
814 3034 878 3079 Mor
894 3039 944 3079 orto
961 3033 1056 3080 abacto
1085 3033 1195 3079 macida
1213 3041 1236 3079 et
1253 3032 1293 3081 bic

239 3094 316 3142 deesse
326 3095 382 3142 olim
390 3095 491 3158 aliquid:
511 3096 578 3144 male.
612 3098 689 3146 Scribe
699 3105 750 3144 tan-
781 3096 927 3143 scribendum
941 3109 1028 3143 oenseo.
1046 3035 1139 3143 dnos.
1171 3096 1209 3143 Sic
1220 3096 1293 3144 MSS.

240 3167 300 3215 tum,
311 3160 450 3220 compositis,
459 3167 482 3207 et
489 3159 600 3207 manua
606 3159 750 3223 liquidaerit.
782 3161 845 3207 Plor.
855 3159 916 3221 Agr.
932 3160 968 3208 ed.
979 3175 1015 3222 pr.
1026 3160 1123 3206 dissidio
1136 3168 1171 3207 est
1180 3175 1195 3205 a
1206 3159 1292 3207 Puteo·

241 3221 316 3286 lares,
338 3223 751 3286 Idpostearectereccptum.quam·
781 3225 836 3270 lano
844 3223 968 3270 invectum.
987 3223 1059 3270 ΕΜ.
1093 3222 1217 3279 ctam.

241 3299 312 3347 quam
331 3285 462 3348 obloquitur
479 3287 504 3333 J.
521 3287 593 3334 Gron.
633 3286 751 3345 Quorsum
816 3287 959 3346 chrmlnae
966 3288 1065 3347 imperio
1072 3287 1235 3349 adderentur]
1243 3286 1292 3335 Ve-

238 3349 302 3395 ¹enim
323 3347 432 3396 reseretur
454 3349 573 3397 commode
596 3351 751 3408 duravissent,
782 3364 840 3408 reor,
852 3350 942 3405 Tacite,
958 3359 986 3397 ut
996 3364 1062 3397 mens
1072 3349 1114 3397 tibi
1124 3363 1231 3412 presens.
1263 3350 1294 3397 In

242 3413 261 3460 si
280 3419 333 3458 ante
353 3411 475 3474 singularis
495 3415 549 3460 est?
577 3413 648 3460 Ean.
687 3413 752 3461 Flor.
782 3413 830 3460 tuis
840 3413 1035 3472 moribm,nonin
1043 3413 1209 3460 Britannorum
1220 3412 1294 3471 bristi,

241 3477 369 3536 compositi,
380 3476 443 3538 quod
453 3477 545 3538 prafert
555 3477 653 3524 lallern·
782 3476 1021 3539 cumbacscripeisti.
1046 3475 1295 3539 Numquidillisigoo

273 3541 409 3599 Jugantum
427 3540 532 3603 civitam]
550 3541 626 3603 Legit,
644 3541 751 3602 Bagau-
783 3541 908 3588 miniosnm
929 3539 996 3588 subdi
1017 3541 1128 3588 minine?
1166 3539 1204 3586 'l'e
1223 3540 1295 3602 igitur

242 3609 294 3650 tum
307 3602 461 3666 Rodolphust
479 3613 502 3650 et
516 3617 570 3651 sane
583 3619 612 3650 ex
624 3604 657 3650 H.
672 3605 698 3663 ³,
709 3605 749 3651 45.
782 3604 845 3651 audi.
873 3605 975 3652 Solitum
984 3605 1077 3665 quidem
1087 3605 1294 3666 Britomslrsemt-

240 3663 560 3792 tambram
573 3665 753 3792 lanan
783 3669 1078 3779 ffl‘lld‘fflb
1092 3662 1240 3778 llll?
1260 3675 1295 3716 ‘⁰'

1078 3764 1086 3788 ‚
1130 3762 1137 3776 .
1223 3763 1230 3777 .

241 3791 313 3840 libris.
333 3791 408 3840 ers.
438 3792 484 3840 Ed.
495 3809 529 3856 pr.
539 3795 704 3855 Eclgantumr
721 3809 751 3840 an
818 3795 912 3842 Ostorio
932 3796 1060 3856 Diamque]
1085 3794 1189 3841 Nomina
1210 3794 1260 3842 bat
1278 3811 1294 3843 a

241 3855 265 3903 id
282 3855 370 3904 factum
387 3871 400 3903 e
416 3858 583 3918 uagantem?
614 3856 659 3905 Sed
673 3873 686 3905 e
700 3856 752 3904 reli-
782 3857 858 3920 glocca
874 3858 976 3922 quadarn
994 3859 1083 3920 adjecta
1103 3866 1170 3920 potat
1188 3858 1294 3906 Freinsh-

243 3935 290 4029 qpp
306 3919 369 3966 illins
384 3919 439 3967 libri
455 3921 542 3968 ratione
560 3921 650 3982 colligo,
672 3935 752 3982 operas
783 3920 845 3969 Mox
856 3924 882 3968 τὸ
898 3937 961 3969 ncnc
976 3924 1065 3969 aborta
1081 3921 1131 3968 ood.
1143 3922 1204 3969 Flor.
1220 3921 1294 3969 etde·

283 3982 402 4032 evoluisse
417 3983 751 4046 autdebuisseeJngantum,
782 3985 924 4034 lerirolebat
934 3986 959 4032 J.
972 3986 1044 4033 Gron.
1078 3983 1295 4034 Cominomnibus

259 4046 751 4096 uodomnesoeterihabentetMS.Guelf.
783 4049 849 4096 editis
868 4063 917 4097 csse
932 4049 995 4103 dicit,
1016 4048 1111 4096 falliorr.
1148 4048 1205 4095 Non
1226 4046 1296 4095 habet

267 4109 300 4156 id.
310 4109 340 4156 ad
350 4125 370 4158 c.
383 4111 420 4158 16.
436 4111 500 4158 Vett.
512 4111 563 4159 edd.
580 4121 603 4159 et
613 4111 684 4160 MSS.
697 4125 753 4158 mox
784 4112 906 4160 Puteolani
916 4113 952 4160 ed.
964 4122 988 4160 et
1004 4112 1083 4160 Ririi:
1099 4113 1163 4158 abest
1177 4119 1200 4158 et
1214 4111 1296 4159 alllS.

250 4173 360 4220 Venutius
376 4189 462 4222 omncs.
495 4174 555 4233 Quis
567 4175 656 4238 primus
676 4178 753 4223 Venu-
785 4176 864 4224 Guelf.
878 4177 961 4238 Itaque
974 4175 1055 4226 delevi.
1081 4175 1176 4235 Vulgo:
1193 4177 1295 4222 samad

246 4237 294 4282 siaa
304 4236 397 4298 dederit,
408 4238 490 4286 nescio.
523 4239 569 4287 Sed
586 4239 617 4286 sic
628 4239 681 4286 libri
693 4239 751 4287 ll.l.
784 4245 868 4301 tcmpp.
880 4242 984 4289 ordinem
997 4241 1068 4287 redeo.
1085 4238 1156 4285 ERN.
1189 4237 1297 4287 Abettct

244 4313 264 4344 e.
292 4299 361 4347 Eun.
407 4301 510 4351 Omnino
530 4303 575 4366 leg.
596 4305 751 4363 Brigantum,
785 4303 874 4352 aBud.
