3042 4950
238 215 307 259 ...a
322 192 383 279 sa]
585 206 663 266 ma.
685 210 771 268 xrn.
795 210 886 270 cnr.
901 216 948 272 co.
1246 214 1312 291 177,

239 372 262 405 “
272 369 338 433 vim,
351 369 569 447 multitudinis
581 370 613 433 bi
624 372 870 455 Magistratuum
881 379 913 435 et
926 371 1018 457 primi
1030 372 1185 459 cujusque
1198 374 1297 435 avari-

236 452 329 517 tiam''
344 457 543 542 increpantes.
574 454 720 539 Cumque
734 455 854 533 seditio,
869 456 909 519 ad
926 478 1002 519 saxa
1015 468 1047 519 et
1061 457 1183 521 minaei
1207 457 1294 520 nium

236 560 408 625 progressa,
430 562 536 604 necem
557 552 589 603 et
610 562 696 603 arma
716 539 887 626 perliceret,
911 540 950 604 C.
971 540 1098 604 Cassius
1116 481 1296 624 adhibendo

235 623 372 687 remedio
385 623 541 689 delectus:
565 623 640 710 quia
654 626 848 689 severitatem
864 626 933 711 ejus
946 646 1008 689 non
1027 624 1210 704 tolerabant,
1225 650 1296 713 pre-

234 720 324 771 cante
337 708 350 771 i
372 732 417 785 so,
431 709 472 773 ad
488 709 663 773 Scribonios
676 710 787 775 fratres
800 734 838 774 ea
851 731 927 775 cura
946 710 1142 786 transfertur,
1157 710 1232 774 data
1245 736 1295 775 eo

234 790 323 857 barte
368 794 508 883 rectoria:
532 796 624 881 cujus
641 807 767 874 terrore,
781 810 814 860 et
832 817 1004 882 paucorum
1025 793 1187 881 supplicio,
1202 796 1296 861 rediit

236 878 401 963 oppidanis
415 879 586 945 concordia.
1155 876 1159 884 ’

254 989 256 993 ·
279 964 416 1028 XLIX.
455 966 528 1029 Non
545 965 692 1029 referrem
707 963 956 1050 vulgatissimum
971 964 1293 1041 senatusconsultum,

234 1068 300 1197 q'qo
315 1050 469 1114 “civitati
484 1052 750 1135 Syracusanorum
771 1050 878 1134 egredi
896 1071 1074 1125 numerum,
1089 1049 1216 1114 edendis
1229 1048 1296 1136 gla-

258 1131 265 1145 '
288 1133 407 1199 toribus
420 1135 555 1211 finitum,
570 1134 808 1219 permittebatur
820 1136 850 1206 ;''
867 1134 925 1197 nisi
941 1133 1050 1197 Paetus
1065 1134 1207 1199 Thrasea
1224 1158 1296 1198 con-

234 1230 283 1281 tra
291 1218 428 1297 dixisset,
437 1218 683 1305 praebuissetque
691 1217 851 1281 materiem
860 1219 1120 1282 obtrectatoribus
1127 1221 1296 1305 arguendas

234 1304 414 1366 sententia:
437 1310 460 1343 “
475 1304 542 1367 Cur
564 1302 657 1380 enim,
681 1302 706 1367 si
728 1304 841 1388 Remp.
863 1325 954 1403 egere
972 1301 1115 1373 libertate
1136 1303 1297 1368 Senatoria

233 1386 382 1461 crederet,
398 1400 462 1451 tam
476 1387 557 1452 levia
571 1393 822 1453 consectaretur?
837 1410 915 1473 qum
929 1386 968 1450 de
982 1385 1075 1466 bello,
1087 1399 1144 1450 aut
1157 1410 1244 1485 pace,
1256 1387 1296 1451 de

235 1471 438 1557 vectigsdibus
457 1486 489 1537 et
508 1472 641 1559 legibus,
679 1473 757 1537 uibu
794 1496 834 1537 ue
848 1472 1069 1537 aliisRomana
1086 1486 1294 1551 continentur,

235 1556 379 1621 suaderet
390 1556 620 1623 dissuaderetve
631 1562 644 1621 ?
655 1497 930 1635 liceresiatribus,
942 1558 1086 1643 quotiens
1097 1558 1147 1621 'us
1157 1557 1296 1622 dicendae

234 1642 393 1707 sententiae
406 1642 603 1730 accepissent,
618 1667 691 1728 quae
706 1643 830 1722 vellent,
845 1665 1039 1728 expromere,
1054 1666 1087 1705 re
1119 1643 1297 1729 tionemque

235 1849 313 1889 tamea
322 1856 335 1891 e
343 1838 415 1891 MSS.
425 1838 540 1907 siquidem
552 1848 575 1893 ei
583 1839 662 1891 Gueli.
672 1840 749 1893 babet.
812 1842 951 1890 Numerum
956 1840 1049 1889 edendis
1052 1840 1233 1903 gladiatoribus]
1242 1841 1297 1889 Au·

235 1904 343 1954 Ceterum
355 1916 433 1955 tamen
446 1922 500 1954 cum
510 1908 603 1971 Ryckio
619 1917 642 1956 et
653 1906 678 1954 J.
691 1910 751 1957 Gro-
782 1914 864 1969 gustus
874 1907 946 1955 edixit
956 1921 976 1953 a.
988 1922 1011 1953 u.
1022 1907 1077 1961 732.
1091 1908 1147 1960 mli*
1157 1908 1295 1970 ὀκλαμαχίυ

234 1970 303 2019 novio
317 1970 399 2019 delevi.
431 1970 477 2020 Setl
493 1982 600 2034 preterea
617 1970 672 2019 MS.
690 1972 752 2020 Flor.
786 2002 821 2017 ...
834 1969 973 2023 πλιονᾶκιςῆ
990 1969 1022 2021 δὶς
1032 1972 1052 2015 is
1067 1970 1158 2026 ἑκάστῳ
1172 1969 1224 2023 ires,
1239 1973 1298 2026 μήτι

231 2036 297 2097 plebs
307 2035 390 2098 copula
400 2050 470 2099 supra
480 2036 524 2083 tari
541 2044 580 2084 tat
597 2036 633 2085 ed.
644 2051 678 2098 pr·
685 2038 751 2097 plebs
783 2034 885 2083 πλειόνων
902 2036 971 2081 sisara
985 2032 1022 2079 eal
1037 2034 1114 2079 tusses
1132 2032 1210 2093 ἀνδρῶν
1224 2036 1298 2079 ποιεῖν.

235 2106 258 2146 et
270 2099 528 2162 ordo,quodlongemo
547 2099 596 2146 'uss
608 2108 687 2147 ceterae
695 2103 751 2147 ordo
783 2096 832 2144 Dio
852 2096 893 2155 54,
915 2099 940 2143 2.
974 2095 1056 2144 Simile
1077 2094 1178 2143 edictum
1197 2104 1265 2143 suma
1282 2112 1298 2144 a
1386 2093 1389 2099 ’

231 2167 357 2227 plebesque.
382 2163 490 2211 caesum
503 2164 659 2225 prodiremus
670 2162 749 2210 Gueli.
782 2160 1081 2223 SenamdeqnoSueton.
1090 2158 1200 2207 Juliili).
1235 2161 1298 2207 Cam

234 2228 307 2277 etalii
324 2226 438 2289 ap.Brot.
452 2227 547 2273 enen.
579 2226 651 2275 Eleu.
683 2226 749 2274 Bud.
782 2225 910 2284 multiplici
926 2226 1028 2284 emique
1045 2224 1146 2285 finilia
1164 2231 1298 2285 comparata

234 2307 292 2353 quas
313 2293 401 2339 diuisas
422 2292 478 2341 ordo
496 2292 610 2351 plebsque.
641 2290 700 2341 Otto
721 2291 767 2339 de¹
783 2288 890 2335 nanno
910 2289 1069 2345 acuminat,
1092 2293 1189 2334 cautum
1210 2294 1246 2333 eet
1268 2288 1298 2334 de

235 2356 310 2403 AEdil.
327 2354 410 2403 Goion.
435 2371 459 2418 p.
480 2354 519 2401 60.
539 2353 613 2413 docet,
630 2368 750 2417 perperam
782 2366 879 2399 numero
892 2353 1063 2413 gladiaturae,
1081 2364 1126 2412 qao
1141 2365 1170 2397 ne
1185 2355 1297 2413 majmem

139 2434 146 2445 ⁸
235 2426 331 2467 muare
343 2418 403 2467 viros
418 2418 503 2476 doctos,
520 2418 561 2466 ubi
578 2420 698 2471 Senatoris
711 2419 750 2467 hic
783 2416 891 2477 waere
901 2417 983 2463 nabere
998 2416 1081 2462 Rornoe
1096 2416 1182 2463 liceret.
1215 2416 1298 2463 Semt-

233 2497 318 2531 nomen
332 2483 421 2544 legunt,
433 2481 547 2545 siquidem
562 2482 627 2530 mille
640 2483 696 2530 locis
707 2486 750 2532 Se·
782 2479 845 2527 aelia
855 2480 996 2528 nosnaride.
1014 2480 1091 2526 lars.
1111 2478 1157 2525 Ed
1168 2494 1204 2542 pr.
1212 2481 1296 2525 civita·

232 2553 324 2594 natores
338 2546 447 2594 dicuntm
462 2545 613 2601 coloniarum,
629 2555 655 2593 ut
670 2553 692 2592 et
703 2547 748 2594 SC.
782 2550 836 2590 tera.
857 2543 931 2591 Eleu.
955 2545 1064 2590 Tiberias
1075 2556 1162 2603 quaque
1172 2558 1297 2590 mannam

232 2609 382 2673 municipalis
392 2616 513 2657 occurrunt
523 2608 547 2655 in
559 2608 680 2670 lapidibus
701 2610 749 2657 Ve-
782 2607 898 2666 inmensas
904 2607 1297 2668 corripuitetpariaglediasoram

231 2689 284 2721 rum
296 2688 342 2722 non
353 2672 382 2721 de
392 2670 528 2733 boc,credo,
538 2672 679 2733 embigitnrs
697 2672 747 2729 sed,
781 2671 812 2714 ad
822 2676 911 2717 certam
921 2684 1047 2717 nnmerum
1057 2670 1157 2729 redegit.
1181 2670 1245 2718 Suet.
1255 2670 1296 2716 34.

231 2752 262 2786 aa
277 2737 374 2786 Tacitus
390 2745 468 2785 matra
484 2749 572 2784 morem
589 2736 627 2783 hic
642 2735 750 2795 adiecerit
782 2732 890 2795 Triginta
897 2734 989 2797 parium
996 2732 1217 2798 mentioinlapap.
1228 2734 1296 2780 Grai.

204 2837 208 2842 -
231 2816 311 2850 racem
320 2803 456 2852 senatorias
467 2801 480 2848 i
490 2799 534 2847 hoc
542 2808 647 2862 negatur,
657 2808 679 2846 et
689 2809 749 2848 recte
782 2812 806 2858 p.
819 2798 876 2845 352.

248 2865 334 2914 uidem.
367 2863 423 2915 vid.
438 2873 460 2912 et
471 2863 556 2912 (iarius
573 2863 674 2912 insert
690 2865 748 2926 ap.
813 2862 956 2925 Materiam]
965 2863 1003 2912 Sic
1014 2862 1077 2910 mor.
1089 2861 1152 2910 Bud.
1292 2899 1296 2903 Α

250 2931 289 2978 92.
301 2930 332 2978 ad
341 2930 390 2992 lap.
401 2945 424 2994 p.
440 2929 493 2978 189.
816 2927 949 2987 Quilasqae
961 2929 1016 2974 aliis
1027 2924 1148 2987 Ronsanc]
1163 2926 1242 2974 Incero
1255 2941 1296 2975 ro-

265 2996 348 3044 Prirni
359 2994 481 3056 caiusque]
494 2993 533 3039 An
542 2995 618 3054 primi
628 2992 748 3056 peculiaris
781 3003 840 3047 can,
853 2992 1005 3038 resliornona
1013 2991 1155 3038 cornisam.
1171 2991 1297 3053 Sequentia

232 3058 333 3122 dignitas
343 3059 368 3104 in
380 3055 475 3113 Senatu,
483 3065 510 3103 ut
520 3070 557 3118 ap.
568 3057 616 3105 cie.
628 3072 664 3119 pr.
676 3057 707 3103 R.
715 3057 747 3103 A.
781 3053 909 3111 emendavi,
926 3055 1030 3113 distinxi,
1046 3053 1139 3102 snbbta
1154 3053 1295 3110 confudere,

233 3125 258 3172 9.
269 3123 346 3170 decem
353 3123 430 3184 prim
441 3120 666 3179 Amerini‚etVerr.
677 3122 698 3174 2,
708 3121 747 3176 67.
781 3132 834 3179 quar
854 3117 879 3165 in
900 3118 972 3166 libris.
1005 3118 1082 3165 lars.
1115 3117 1162 3165 Ed.
1182 3133 1217 3180 pr.
1240 3133 1296 3165 sane

232 3187 396 3247 Magistratus
407 3184 515 3234 aierem
528 3185 626 3246 primi.-
640 3199 677 3247 ap
694 3183 749 3232 Iriv.
780 3184 920 3229 emtiaetar.
944 3183 1024 3230 Guell'.
1035 3180 1126 3229 Puteal.
1139 3184 1295 3239 continentur,

232 3250 273 3308 39,
294 3251 333 3297 15.
350 3251 404 3296 deni
421 3250 550 3312 pracipes.
569 3247 600 3296 V.
620 3248 697 3296 Grrer.
718 3247 748 3294 ad
780 3245 844 3306 quod
860 3261 941 3294 omnes
959 3246 1030 3294 secud
1047 3253 1112 3293 sunt.
1142 3247 1177 3292 At
1197 3245 1221 3291 in
1240 3245 1296 3293 MS.

233 3312 282 3361 eie.
292 3313 309 3360 1.
321 3329 341 3361 c.
353 3321 376 3360 et
391 3312 470 3361 Neris.
484 3312 514 3359 sd
529 3311 610 3359 cenot.
626 3312 674 3359 Pis.
690 3313 712 3370 l,
724 3314 748 3359 3.
781 3307 845 3356 Bud.
857 3313 1039 3358 continerentur.
1055 3309 1189 3371 Utrumque
1199 3318 1298 3361 recurm.

233 3376 272 3424 Sic
293 3376 384 3425 videtin
401 3375 499 3440 Ryclaio.
527 3375 589 3423 Mox
611 3374 667 3423 MS.
685 3375 747 3422 Bud.
781 3371 802 3419 si
822 3373 892 3421 modo
913 3375 1022 3421 Romana
1038 3387 1138 3426 raama
1161 3372 1201 3420 aed
1222 3372 1297 3434 lapsii

231 3439 348 3502 eleganter
366 3442 396 3488 ad
415 3455 480 3499 saxa,
497 3441 528 3487 ad
544 3441 627 3486 minos.
643 3451 644 3458 ¹
661 3438 744 3486 Horat.
780 3437 942 3484 annectionem
953 3451 1029 3484 reram
1041 3445 1106 3500 pata.
1124 3436 1197 3483 Eure.
1219 3434 1297 3483 Verba

232 3503 279 3567 Ep.
292 3506 314 3564 l,
328 3506 350 3552 l.
364 3504 404 3551 46.
416 3518 463 3566 per
477 3519 542 3550 mare
555 3505 692 3564 pauperiem
701 3503 747 3564 fn·
780 3498 890 3547 Rbenani
900 3515 947 3548 non
958 3501 1019 3563 cepit
1026 3500 1084 3547 lira.
1095 3500 1135 3546 Ex
1145 3515 1180 3557 eo,
1196 3499 1260 3562 quod
1272 3499 1296 3544 in

228 3569 566 3629 gienspersoac,perignes.
596 3566 653 3614 Post
663 3566 700 3614 ed·
711 3582 747 3629 pr.
781 3563 845 3610 Bne.
859 3563 944 3627 legimr
958 3566 1124 3621 contineretur,
1136 3563 1205 3610 infert
1219 3563 1296 3609 Rben.

228 3632 356 3693 pelliceret.
382 3630 472 3678 Puteal.
484 3632 609 3692 perliceret
620 3645 673 3677 curn
684 3644 747 3693 seqq.
780 3641 890 3688 apparere
900 3627 1024 3690 legendum
1034 3629 1217 3674 munerentur.

232 3693 346 3742 utGuelf.
365 3693 447 3743 Tacite
455 3702 506 3757 post
514 3693 621 3757 lipsium
631 3702 747 3756 receptum
813 3693 928 3739 Suadere
946 3691 1127 3753 dismaderetue]
1148 3689 1216 3738 Nihil
1232 3699 1298 3737 nota·

230 3759 362 3820 proliceret,
385 3758 460 3808 nscio
480 3757 559 3815 unde3
586 3757 648 3820 quod
661 3765 747 3804 ,tamen
781 3764 832 3802 tum
843 3756 918 3815 video,
927 3756 990 3802 unde
999 3755 1049 3802 hac
1058 3753 1126 3802 lectio
1136 3753 1174 3813 sit,
1184 3769 1237 3816 qua
1246 3756 1296 3813 jam

232 3821 314 3870 eodem
324 3821 389 3869 redit.
413 3822 460 3870 Pro
471 3823 602 3870 Scribonios
607 3820 700 3884 fratres
711 3821 747 3868 ed.
781 3826 816 3866 esi
829 3819 855 3866 ia
872 3819 923 3868 edd
941 3820 1006 3882 Lips.
1040 3819 1104 3865 Nam
1120 3817 1156 3864 ed.
1171 3833 1206 3879 pr.
1219 3818 1295 3864 Rhen.

232 3901 268 3948 pr.
287 3887 433 3933 cmnobrlnos
445 3887 547 3947 fratres.
581 3885 616 3931 At
632 3887 749 3933 Scribonii
782 3882 895 3945 (eBud.)
908 3893 931 3931 et
946 3898 1009 3946 seqq.
1024 3883 1121 3928 suadere
1136 3882 1298 3928 disrmdereve

227 3951 327 4012 fratres,
343 3949 457 3997 etiamH.
469 3953 494 4005 4,
506 3951 545 3997 tl.
578 3949 649 3996 Ean.
682 3947 711 3995 L.
724 3951 746 3996 l.
782 3948 868 3993 licere.-
886 3947 975 3994 Puteol
988 3945 1109 3994 Ber.Alc.
1124 3944 1186 3991 idem
1202 3946 1296 3992 aneae.

233 4013 264 4060 D.
282 4013 310 4062 de
322 4013 416 4060 Muner.
434 4021 457 4060 ct
469 4011 532 4060 Hon.
549 4013 646 4060 oocunit
661 4015 748 4060 dcccm-
782 4009 828 4057 Sed
838 4010 898 4058 illud
914 4011 1014 4058 melius:
1031 4024 1086 4055 nam
1102 4009 1127 4055 in
1142 4008 1187 4055 hoc
1199 4010 1297 4056 verbnm

230 4079 351 4138 primatus
367 4085 390 4124 et
404 4078 426 4135 l,
441 4077 464 4124 3.
479 4077 511 4123 ib.
529 4077 646 4137 decaprotl
660 4091 748 4124 memo-
782 4088 828 4120 non
839 4083 884 4131 est,
894 4066 924 4122 ed
935 4073 998 4136 quod
1012 4073 1121 4121 referamr
1136 4075 1201 4132 quin,
1214 4082 1241 4119 ut
1248 4071 1299 4118 alia

234 4148 319 4188 rantur.
354 4141 415 4188 Bud.
429 4142 554 4201 perliceret
615 4141 748 4188 Scribonios
782 4137 929 4185 incommoda
940 4148 1035 4184 mecam.
1053 4137 1124 4183 Dare
1136 4135 1298 4191 videGronor.

234 4203 296 4250 male
306 4205 401 4267 quidam
413 4205 582 4252 Mammeos.
616 4204 654 4251 De
667 4205 694 4251 iis
702 4202 748 4251 vid.
783 4200 841 4248 Oba
861 4203 883 4260 l,
895 4203 935 4248 22.
970 4201 1041 4248 Ena.

234 4265 317 4314 Dicin
329 4267 449 4330 Excerptis
463 4268 502 4328 63,
516 4268 553 4323 17.

281 4349 403 4396 wib-Il.
1110 4347 1130 4388 N
