3042 4950
256 254 315 313 nor
676 251 896 313 nunsmnu
1147 258 1239 333 [aa.
1252 254 1329 311 sio.

254 413 450 479 Chiliarchus
463 413 496 477 in
509 436 546 479 ea
560 414 655 481 classe
670 414 816 481 Volusius
834 414 997 492 Proculus,
1018 412 1195 480 occidendae
1208 412 1322 477 matris

253 500 387 563 Neronis
409 498 489 563 inter
511 501 675 578 ministros,
698 521 760 563 non
777 524 819 564 ex
832 499 1046 598 magnitudine
1067 498 1187 563 sceleris
1206 520 1320 584 prove-

252 597 333 661 ctus,
343 584 524 649 utrebatur.
540 585 573 649 Is
583 584 705 649 mulieri
713 583 787 647 olim
802 598 955 671 cognitus,
970 606 1024 645 seu
1037 605 1143 647 reeens
1155 598 1225 647 orta
1237 582 1318 645 arni·

253 667 335 745 citis,
350 668 426 731 dum
453 676 474 707 “
486 669 597 734 merita
614 691 689 766 erge
710 668 868 732 Neronem
890 690 957 743 sna,
974 681 1007 730 et
1020 689 1114 752 quarn
1133 667 1167 729 in
1184 659 1312 731 inritum

252 751 459 829 cecidissent,''
473 754 582 839 aperit,
598 752 768 839 adjicitque
777 764 915 838 questus,
927 762 959 814 et
973 751 1236 816 “destinationem
1246 752 1313 815 vin-

249 836 351 915 dictae,
367 838 392 901 si
404 837 535 902 facultas
549 838 709 913 oriretur,'’
725 860 811 923 spem
825 836 921 914 dedit,
934 858 1023 921 posse
1034 836 1151 921 inpelli,
1163 850 1194 900 et
1206 836 1312 933 plures

249 920 430 987 conciliare:
455 945 512 985 nec
532 922 599 986 leve
620 920 773 985 auxilium
792 921 824 983 in
838 921 953 994 classe;
976 921 1099 983 crebras
1116 942 1307 994 ocoenones3

249 1006 326 1091 quia
339 1007 425 1070 Nero
439 1006 539 1071 multo
552 1006 639 1093 apud
654 1005 802 1069 Puteolos
815 1020 848 1069 et
861 1006 1022 1069 Misenum
1036 1005 1129 1068 maris
1147 1029 1207 1069 usu
1227 1006 1310 1070 lreta-

249 1091 352 1154 batur.
398 1091 486 1177 Ergo
512 1089 676 1177 Epicharis
702 1088 812 1178 plura:
839 1102 872 1154 et
893 1089 998 1153 omnia
1022 1089 1134 1154 scelera
1159 1090 1309 1177 Principis

249 1175 391 1255 orditur:
410 1182 541 1261 “neque
555 1200 587 1239 se
599 1177 727 1263 jactare,
740 1176 826 1261 quod
841 1174 932 1238 inane
942 1187 1037 1251 esset;
1052 1174 1221 1260 provisum,
1232 1199 1308 1261 qno-

248 1281 320 1323 nam
347 1259 441 1322 modo
465 1282 574 1346 poenas
601 1282 715 1323 eversae
744 1258 939 1345 Reipublicae
962 1258 1070 1322 daret:
1100 1258 1307 1345 accingeretur

249 1345 343 1408 modo
357 1366 469 1407 navare
488 1367 627 1431 operam,
646 1359 677 1406 et
695 1343 831 1408 militurn
845 1342 1008 1407 acerrimos
1022 1342 1135 1407 ducere
1148 1344 1178 1405 in
1192 1356 1305 1429 partes,

248 1452 285 1492 ac
298 1428 394 1514 digna
407 1428 509 1514 pretia
530 1428 749 1514 exspectaret.”
793 1427 932 1491 Nomina
954 1443 1057 1491 tamen
1078 1429 1305 1514 conjuratorum

248 1514 381 1577 reticuit.
425 1513 520 1576 Unde
539 1511 666 1577 Proculi
682 1511 831 1576 indicium
853 1512 982 1576 inritum
1001 1512 1074 1590 fuit,
1096 1513 1236 1598 quamvis
1256 1537 1304 1591 ea,

272 1621 320 1661 uae
338 1596 488 1675 audierat,
511 1598 552 1661 ad
573 1600 729 1662 Neronem
744 1595 913 1660 detulisset.
957 1596 1069 1670 Accita
1093 1598 1208 1683 quippe
1235 1599 1305 1696 Epi-

248 1704 265 1745 c
287 1682 358 1759 aris,
373 1696 488 1745 etcum
503 1682 604 1745 indice
618 1681 797 1767 composita,
811 1680 905 1744 nullis
919 1681 1050 1745 testibus
1063 1680 1204 1745 innixum
1218 1682 1305 1746 facile

247 1766 430 1831 confutavit.
486 1766 548 1829 Sed
573 1766 642 1852 ipsa
665 1766 697 1828 in
729 1765 869 1829 custodis
893 1780 1012 1829 retenta
1032 1779 1090 1842 est,
1115 1780 1304 1851 suspectante

247 1850 384 1929 Nerone,
399 1849 484 1914 haud
499 1851 577 1915 falsa
590 1873 665 1929 esse,
679 1849 772 1916 etium
786 1873 859 1937 quae
873 1872 947 1935 vera
960 1872 1024 1915 non
1037 1850 1256 1937 probabantur.

246 2010 282 2059 ed
305 2028 338 2077 pr.
364 2014 522 2073 chiliarchus,
548 2020 572 2062 et
594 2012 677 2063 MSS.¹
695 2013 754 2077 Reg.
797 2027 897 2061 munere.
923 2012 1302 2063 Enoonclusioorationisdesce-

247 2074 316 2123 Goth:
349 2077 418 2125 Ean.
795 2076 881 2125 leribus
903 2078 1017 2140 Principis
1035 2087 1058 2125 et
1076 2077 1230 2125 facinoribusr
1250 2078 1304 2126 hinc

279 2141 309 2187 Si
323 2142 430 2203 ficubus
451 2143 568 2205 miserm]
595 2139 651 2188 MS.
676 2141 754 2190 Guelf.
795 2140 931 2189 commodus
950 2142 1059 2189 transitus
1077 2141 1107 2188 sd
1121 2157 1204 2209 poerws
1219 2156 1300 2189 evrrroe

247 2210 378 2252 mereim
387 2221 458 2253 mauu
469 2221 505 2269 pr.
515 2214 543 2253 ut
553 2221 613 2268 saepe
623 2203 648 2251 in
658 2205 755 2269 scriptis.
797 2207 956 2267 Reipublicae
973 2205 1118 2269 Reipublicae
1136 2220 1219 2253 eversa
1233 2206 1303 2268 eptit-

246 2267 354 2316 Ceterum
370 2268 674 2333 promtumessetounjiccre
688 2270 756 2330 offer.
796 2268 883 2317 simum
903 2270 966 2315 nibil
986 2271 1054 2317 rates
1094 2270 1192 2317 Evcrsoe
1212 2270 1268 2317 bene
1287 2285 1303 2317 e

246 2339 321 2379 retur.
351 2333 422 2381 nas.
796 2332 859 2381 Flor.
876 2332 986 2381 Picbeua.
1018 2333 1056 2381 Sic
1070 2333 1140 2381 etiam
1155 2332 1209 2379 MS.
1224 2332 1299 2380 Gueli

278 2398 347 2457 Ergo
364 2397 492 2459 Epicharis
506 2399 600 2460 plura.-
623 2404 645 2444 et
665 2396 755 2459 omnia]
795 2396 832 2444 ed
849 2412 885 2459 pr.
902 2411 1028 2460 omnesque
1042 2405 1095 2445 ante
1109 2396 1186 2443 Rben.
1200 2396 1240 2458 qui
1254 2397 1300 2458 pri-

245 2459 529 2525 Pichensiuterpretstru,
544 2462 613 2526 plura
654 2462 756 2510 emutat
795 2476 849 2508 mus
866 2459 985 2522 (eliud.)
1002 2476 1073 2510 verm
1087 2460 1167 2509 dedit:
1189 2459 1250 2523 qnod
1265 2468 1299 2508 ts-

243 2525 424 2584 conjurationem
441 2527 537 2589 aperuit.
569 2525 596 2575 Si
635 2526 708 2574 scitus
722 2527 755 2575 sic
795 2540 849 2573 men
869 2525 940 2572 edam
960 2525 992 2573 sic
1012 2525 1097 2573 dicitur
1117 2525 1180 2587 apud
1200 2532 1300 2572 nostrum

243 2587 342 2649 scripsit,
361 2589 402 2636 rix
418 2589 478 2638 alius
498 2605 577 2638 sersus
596 2605 644 2638 esse
662 2599 753 2653 μυίαις
795 2587 898 2651 (SM.)
931 2590 1071 2652 robsuuque
1086 2588 1202 2636 Gronorio
1217 2588 1246 2636 ad
1260 2590 1300 2636 Se-

243 2650 287 2698 nisi
300 2651 363 2713 quod
377 2666 425 2702 non
439 2651 469 2700 de
484 2653 641 2714 conjuratione
654 2654 753 2716 capiam,
794 2667 845 2700 nec.
865 2653 895 2700 de
914 2606 998 2700 lienes.
1018 2658 1042 2712 5,
1064 2653 1101 2699 16.
1136 2651 1207 2699 Ean.
1231 2651 1297 2699 laeli

243 2729 315 2777 quam
336 2715 484 2778 sequentibus
503 2717 587 2778 prodit.
629 2717 676 2764 Sed
700 2733 754 2766 sane
794 2717 887 2779 mpplet
903 2719 1028 2778 poterone
1047 2714 1106 2778 quid
1122 2731 1151 2762 cc
1169 2717 1297 2777 digamis,

243 2777 480 2843 nimisebruptahaec
491 2781 579 2836 orati03
596 2780 658 2828 unde
674 2780 753 2844 pleris-
794 2780 857 2842 quod
873 2795 920 2827 non
938 2781 1007 2844 plane
1026 2779 1187 2842 spernendum.
1218 2778 1309 2826 Hiller..

243 2843 754 2956 ttffit‘tlttlltlrnttt·
793 2843 1244 2968 titillantium
1253 2844 1299 2970 ,ll

743 2939 753 2950 ·
1145 2941 1151 2954 ·
1236 2939 1244 2962 s

243 2966 335 3028 eonem,
345 2969 400 3017 vus
433 2973 519 3020 censa
532 2972 627 3034 quam
641 2971 679 3018 aa
693 2971 754 3020 aar.
793 2986 862 3018 aaa
872 2971 897 3020 u
908 2971 971 3019 vau
982 2971 1016 3019 n.
1029 2972 1051 3031 1,
1063 2941 1102 3025 a
1114 2981 1137 3018 a
1146 2971 1239 3032 paam.
1262 2971 1299 3018 sa

243 3031 351 3080 deretur:
368 3034 433 3097 Ergo
449 3035 493 3082 hoc
510 3034 576 3082 initio
592 3036 669 3083 oblsto
684 3035 753 3099 perfi-
792 3034 839 3082 iere
847 3036 898 3094 jam
909 3035 1013 3091 Gradus,
1024 3035 1066 3099 qui
1075 3035 1216 3095 conjiciebat,
1230 3049 1300 3107 aeque

243 3097 318 3144 ciendi
328 3099 458 3158 consilium,
467 3099 587 3148 accendere
595 3099 700 3147 animum
710 3100 753 3149 ho·
793 3101 889 3146 &natm
897 3101 976 3164 fidem
989 3114 1101 3154 nram..
1115 3088 1170 3160 Bip.
1184 3097 1300 3145 electione
1327 3105 1335 3123 ¹

242 3160 313 3208 minis
329 3170 427 3220 tentam,
445 3163 509 3209 addit
525 3162 592 3210 dictis
608 3162 685 3224 plura,
700 3179 753 3226 que
793 3162 924 3219 Puteolani,
939 3163 990 3225 qui,
1003 3162 1052 3212 end.
1065 3161 1183 3210 Genucnsi
1192 3177 1254 3219 usus,
1266 3160 1300 3208 ita

242 3223 303 3272 hanc
313 3225 360 3272 vim
375 3225 482 3275 habiturn
495 3234 578 3289 sperat,
594 3225 623 3274 de
636 3225 720 3288 injuria
731 3228 753 3276 ei
792 3225 871 3274 dedite
889 3241 961 3287 neque
971 3229 1069 3276 Senatui
1080 3227 1141 3287 quod
1154 3227 1222 3272 inane
1235 3231 1298 3283 esset,

241 3288 308 3337 fecta
339 3289 409 3338 Ean.
791 3289 855 3352 quod
872 3290 944 3338 seurti
965 3291 1042 3339 Rhen.
1064 3298 1087 3337 et
1103 3289 1217 3346 Alciatus,
1235 3288 1300 3350 inge-

275 3354 361 3414 Ncque
372 3357 471 3402 Senatui
482 3357 539 3416 qaid
550 3352 654 3415 manue]
675 3355 750 3404 Vatis.
791 3353 855 3401 niose
872 3354 1009 3419 exurlpunt,
1030 3353 1094 3417 quod
1114 3368 1168 3400 vero
1187 3367 1298 3414 perquam

241 3416 324 3465 cuditis
332 3418 467 3481 scripturam
479 3420 544 3482 (quta
552 3427 574 3466 et
582 3418 752 3482 flor-striga)
790 3416 879 3464 siuriles
888 3433 960 3478 neque
966 3423 1089 3481 rejectare,
1095 3418 1156 3478 quod
1162 3417 1298 3462 tumeret.

240 3480 356 3542 expressis
370 3496 412 3530 nec
423 3481 527 3532 dissentit
534 3481 696 3540 nemaeum,
707 3484 752 3532 nisi
791 3480 959 3544 Redpindum
969 3492 1044 3544 putor
1062 3496 1143 3529 verum
1153 3494 1207 3527 cum
1221 3479 1298 3526 Rhea.

257 3542 304 3590 uod
311 3543 388 3603 refert,
400 3547 567 3607 quadorum.
585 3545 637 3605 (Sic
644 3555 667 3594 et
674 3547 751 3604 Bud.)
790 3544 919 3593 tollendum
930 3546 993 3608 qnod
1003 3545 1107 3608 nequiuit
1119 3545 1166 3598 scd,
1183 3558 1213 3590 ex
1222 3551 1299 3604 poste·

240 3559 301 3666 zuis
314 3606 396 3654 Castor
410 3618 451 3656 aut
468 3609 555 3658 Pollux
570 3609 652 3658 liberat
667 3625 706 3658 me
720 3613 749 3658 ab
789 3608 844 3656 riori
854 3608 944 3670 syllaba
954 3609 1015 3658 vocis
1024 3607 1170 3672 precedentis
1180 3614 1264 3653 onum.

239 3669 283 3718 hoc
302 3673 382 3719 estu?
415 3671 493 3732 Forte,
515 3689 587 3734 neque
608 3688 632 3720 re
653 3681 750 3722 unumne
823 3674 923 3721 Narrare
938 3672 1045 3738 operam]
1064 3673 1102 3721 Sic
1120 3671 1206 3718 habent
1224 3669 1296 3718 MSS.

239 3735 332 3794 quidem
340 3750 447 3800 nsnnms
459 3736 749 3799 quasisttollensconjura·
790 3737 852 3784 Flor.
865 3735 953 3800 (Bud.)
966 3737 1044 3784 Oxon.
1060 3735 1138 3785 uude
1156 3743 1244 3782 amor
1254 3734 1298 3780 ds·

237 3805 315 3846 torum
325 3812 449 3848 numerum
460 3799 650 3864 splendoresque
657 3800 750 3850 iddicat
789 3815 847 3848 cere.
881 3801 960 3848 Recte.
997 3801 1062 3848 Nam
1079 3800 1111 3848 sic
1131 3799 1224 3857 accim
1242 3810 1296 3844 oon-

237 3860 336 3909 mulisr:
356 3863 426 3912 mam
442 3863 493 3928 ipso
508 3873 616 3922 meante
631 3865 749 3926 provisum
789 3864 891 3912 struitur.
928 3864 999 3912 Unde
1014 3867 1072 3912 bene
1086 3870 1203 3925 receptum
1217 3875 1232 3906 ι
1245 3860 1306 3923 Ry·'

237 3924 293 3972 siris
309 3926 442 3976 melioribus
459 3927 576 3991 quomodo
592 3927 693 3977 nefarius
709 3929 749 3978 ille
788 3928 841 3976 ckio
851 3936 875 3974 et
884 3927 910 3974 J.
923 3928 1047 3976 Gmnovio.
1061 3927 1124 3976 de.
1136 3933 1204 3972 mtea
1217 3937 1297 3971 omnes

236 4003 315 4051 poenss
334 3987 405 4037 daret.
435 3991 511 4039 lires.
539 3993 594 4040 Non
612 3991 677 4040 lubet
693 4006 748 4039 con·
788 3997 886 4040 navaret
906 3994 1056 4040 seduceret.
1091 3989 1154 4038 Mox
1172 3986 1297 4036 addente

232 4053 333 4113 jecturas
352 4053 453 4102 virorum
472 4055 592 4103 doctorum
613 4055 746 4104 adscribere
788 4057 865 4112 itha·
879 4054 936 4103 MS.
953 4056 1032 4104 Guelf.
1050 4055 1129 4104 vitiose
1141 4053 1299 4113 maltumpro

235 4115 305 4164 Adeo
315 4131 398 4179 perum
409 4117 434 4165 in
445 4118 473 4166 iis
483 4118 572 4182 opisad
581 4119 658 4168 losum
666 4133 747 4168 sanan
788 4122 900 4168 militam·
931 4120 1000 4167 Ean.
1027 4119 1089 4168 Bud.
1101 4120 1213 4164 mimum.
1302 4122 1305 4127 ⁴

235 4178 302 4236 dum,
321 4179 378 4228 adeo
394 4181 463 4245 longe
480 4198 495 4230 a
511 4182 623 4244 scriptura
640 4193 663 4230 et
679 4197 746 4231 sensu
821 4186 880 4243 Qsae
892 4198 947 4230 vera
957 4200 981 4230 n.
996 4181 1166 4244 prohibetur]
1179 4178 1194 4224 i.
1206 4193 1226 4226 e.
1237 4191 1299 4238 quo-

234 4243 344 4292 reaedunt
359 4243 469 4294 institutio
483 4245 597 4294 orationis
629 4247 683 4310 Ego
692 4261 747 4294 con.
785 4264 839 4296 rum
849 4245 930 4296 veritas
944 4247 1056 4304 nondum,
1073 4249 1103 4294 ob
1120 4243 1215 4294 testium
1232 4239 1299 4287 defe-

232 4305 277 4364 jeci
289 4306 398 4356 Tacitum
409 4309 522 4374 scripsisse
532 4325 604 4370 neque
615 4312 674 4358 salvi
690 4313 747 4373 quid
785 4321 859 4371 dum,
871 4312 970 4370 patebat.
985 4311 1058 4360 MSS.
1068 4309 1127 4372 Reg-
1143 4305 1223 4356 Guelf·
1237 4319 1271 4364 P'
1272 4317 1299 4348 ⁰·
1311 4344 1315 4351 ·
