3042 4950
246 274 305 331 316
664 264 895 329 ANNALIUM
1131 268 1178 339 [Δ.
1189 286 1220 325 u.
1235 270 1308 327 819.

246 431 389 518 sanguini
402 430 573 517 praebebat,
584 452 711 493 crurum
752 452 856 515 noque
864 442 897 492 et
910 425 1064 513 poplitum
1072 426 1168 491 venas
1177 423 1306 493 abrum-

245 518 303 602 pit.
348 516 507 601 Satisque
529 514 715 579 cruciatibus
728 454 882 590 defessus,
903 534 944 573 ne
957 509 1063 576 dolore
1084 536 1143 576 suo
1162 515 1304 577 animum

245 600 353 663 uxoris
367 599 460 663 iufrin
484 614 559 679 eret,
573 612 668 685 atque
681 598 747 685 ipse
760 597 888 661 visendo
902 595 971 682 ejus
984 608 1141 661 tormenta
1152 598 1195 661 ad
1213 597 1304 685 inpa-

246 684 386 749 tientiam
395 684 465 749 dela
505 698 601 761 retur,
614 684 734 762 suadet,
747 691 770 723 “
779 683 812 745 in
822 680 909 744 aliud
918 680 1099 744 cubiculum
1109 683 1303 747 abscedere!

246 772 293 833 Et
313 769 479 833 novissimo
493 791 621 854 quoque
637 782 794 831 momenta
815 789 875 863 sup
947 768 1039 848 tante,¹
1047 766 1233 851 eloquentia,
1247 768 1304 831 ad-

245 854 362 917 vocatis
376 854 586 939 scriptoribus,
608 852 757 939 pleraque
778 852 859 916 tradi
884 850 890 861 '
934 871 1016 934 quae,
1038 851 1071 913 in
1089 851 1206 937 vulgus
1219 853 1303 917 edita

245 938 316 1023 ejus
330 938 442 1015 verbis,
456 938 609 1001 invertere
624 961 660 1001 su
703 937 818 1001 rsedeo.
1052 937 1060 944 ’

288 1023 421 1088 LXIV.
442 1024 491 1087 At
505 1023 601 1099 Nero,
616 1045 660 1085 nu
674 1023 704 1085 lo
724 1023 760 1085 in
773 1022 948 1085 Paullinam
963 1022 1091 1109 proprio
1102 1022 1187 1100 odio,
1201 1047 1246 1102 ac,
1261 1047 1302 1089 ne

244 1107 386 1193 glisceret
400 1106 518 1171 invidia
535 1106 737 1185 crudelitatis,
752 1106 886 1171 inhiberi
900 1120 1031 1171 mortem
1045 1107 1188 1191 imperat.
1217 1109 1300 1171 Hor-

246 1191 384 1255 tantibus
397 1189 557 1268 militibus,
573 1191 653 1254 servi
667 1191 832 1277 libertique
846 1192 986 1277 obligant
1004 1191 1140 1269 brachia,
1154 1208 1301 1277 premunt

246 1276 439 1361 sanguinem,
454 1275 606 1339 incertum
621 1298 661 1339 an
676 1277 812 1361 ignarae:
834 1298 920 1353 nam,
934 1275 1151 1360 utestvulgus
1163 1277 1204 1339 ad
1215 1278 1303 1341 dete-

245 1361 327 1423 riora
340 1373 532 1446 promptum,
542 1382 604 1422 non
619 1360 757 1439 defuere,
772 1361 828 1447 qui
841 1360 1011 1438 crederent,
1028 1368 1050 1399 “
1060 1360 1157 1423 donec
1166 1362 1303 1446 inplaca.

245 1445 338 1509 bilem
353 1446 510 1511 Neronem
525 1444 673 1521 timuerit,
694 1444 810 1508 samam
830 1445 952 1509 sociatae
975 1467 1046 1507 cum
1068 1446 1180 1508 marito
1194 1448 1302 1511 mortis

244 1529 406 1615 petivisse:
431 1528 675 1603 deinde‚'0bla'te
695 1530 818 1593 mitiore
838 1553 902 1616 spe,
921 1529 1139 1594 blandimentis
1153 1530 1226 1599 ritae
1239 1532 1301 1594 evi-

245 1627 326 1677 ctam
339 1615 366 1679 :''
390 1612 441 1677 cui
456 1612 578 1676 addidit
592 1636 708 1699 paucos
730 1628 838 1699 postea
858 1635 965 1692 annos,
986 1612 1136 1678 laudabili
1156 1615 1190 1677 in
1210 1616 1300 1678 mari-

245 1712 314 1763 tum
330 1697 485 1775 memoria,
501 1712 532 1760 et
546 1720 599 1760 ore
609 1722 645 1761 aa
659 1700 806 1763 membris
815 1700 849 1761 in
862 1721 936 1761 eum
950 1697 1099 1784 pallorem
1114 1698 1297 1779 albentibus,

245 1794 282 1847 ut
295 1782 430 1847 ostentui
451 1792 540 1861 esset,
562 1782 697 1847 multum
719 1783 822 1847 vitalis
879 1783 970 1847 iritus
990 1796 1150 1879 egestum..
1185 1784 1300 1850 Seneca

245 1868 379 1945 interim,
394 1866 527 1930 durante
549 1879 650 1931 tractu
674 1880 705 1932 et
727 1868 840 1932 lentitu
863 1870 912 1931 'ne
934 1881 1053 1946 mortis,
1074 1868 1212 1932 Statium
1232 1872 1301 1932 An-

246 1974 361 2029 naeum,
372 1951 428 2015 diu
441 1951 498 2015 sibi
512 1951 654 2015 amicitiae
665 1954 727 2016 fide
740 1966 772 2017 et
781 1966 848 2016 arte
862 1952 1022 2016 medicinae
1032 1954 1210 2039 probatum,
1223 1966 1300 2031 orat,

246 2044 268 2075 ‘⁶
278 2036 436 2121 provisum
446 2036 567 2121 pridem
579 2039 764 2115 venenum?
775 2062 840 2123 quo
850 2036 987 2101 damnati
997 2036 1123 2122 publiea
1133 2037 1304 2101 Athenien-

246 2120 326 2184 sium
344 2121 464 2207 judicio
483 2121 764 2205 exstinguerentur,
785 2135 956 2209 promeret:
979 2122 1183 2207 adlatumque
1202 2122 1305 2185 hausit

245 2205 372 2287 frustra,
387 2204 521 2292 frigidus
541 2206 610 2291 jam
631 2220 727 2286 artus,
744 2219 777 2271 et
795 2206 900 2271 clauso
921 2228 1048 2291 corpore
1063 2207 1228 2271 adversum
1240 2207 1304 2270 rim

246 2396 304 2444 vidit
315 2408 398 2457 pareo.
442 2394 525 2458 Itaque
540 2394 644 2443 conexit.
659 2394 706 2443 Ed.
723 2412 757 2458 pr.
790 2395 856 2444 Ririi
872 2403 914 2444 etc
932 2395 1054 2458 cumipse
1068 2394 1150 2457 recepi.
1198 2395 1306 2443 inhiberi

245 2460 379 2508 habetcam
388 2474 499 2520 paruov.
531 2458 587 2507 Fuit
597 2458 756 2510 forteinMS.
791 2469 826 2509 est
843 2459 958 2523 impediri.
989 2459 1061 2507 ΕΠ.
1090 2459 1173 2519 Quum
1183 2459 1249 2508 andri
1263 2460 1305 2506 ha-

245 2529 303 2572 tum.
337 2524 410 2572 Enn-
441 2522 506 2570 Bud.
516 2539 599 2585 paruo.
791 2527 861 2572 beent
882 2526 992 2582 inhiberi,
1009 2532 1044 2570 sst
1065 2524 1125 2570 clare
1147 2532 1219 2585 patet,
1235 2523 1305 2571 cmis-

277 2591 377 2636 'Saadat
394 2589 420 2633 ia
443 2589 510 2634 aliud
536 2589 667 2634 rabiealmn
684 2589 759 2636 airce·
791 2603 844 2636 sum
860 2603 909 2636 esse
924 2590 1034 2650 irnpcrat,
1053 2586 1117 2651 quod
1138 2589 1163 2634 in
1181 2587 1232 2635 aliis
1248 2589 1307 2636 bene

244 2652 308 2713 dare]
328 2651 455 2699 Abraadcrc
468 2651 523 2699 MS.
541 2651 620 2698 Guelf.
637 2651 689 2698 edd.
707 2661 760 2700 ante
792 2653 920 2714 suppletur.
1183 2675 1187 2682 ·
1232 2676 1235 2680 ⁴
1261 2675 1265 2680 ¹

244 2716 420 2764 Rhea-amnes·
451 2714 617 2762 RheneMS.
630 2715 693 2762 Bud.
708 2719 758 2762 abr-
823 2720 946 2764 lacertam
962 2733 994 2763 aa
1014 2717 1119 2778 ignara]
1145 2715 1164 2762 i.
1182 2731 1201 2764 e.
1220 2729 1251 2762 an
1273 2715 1307 2762 ita

244 2777 507 2842 cederet‚quadomnes
518 2779 590 2826 secuti
599 2788 661 2825 errat.
689 2780 761 2828 Erit.
789 2781 872 2840 jame
891 2781 1010 2844 unguinis
1023 2779 1099 2826 nimia
1113 2779 1251 2826 detmctione
1266 2778 1307 2826 de-

246 2842 353 2891 InBud.
373 2849 407 2888 est
422 2842 764 2901 msaataaovdineolara·
791 2843 870 2890 ferent
894 2845 981 2903 ammo,
1006 2852 1034 2891 ut
1054 2857 1102 2890 non
1123 2843 1259 2906 intelligeret
1279 2858 1308 2890 ac

245 2923 258 2953 r
281 2906 388 2969 inposita,
412 2920 484 2967 quam
509 2905 599 2954 ridetur
617 2919 664 2953 non
685 2915 759 2954 atten-
792 2907 893 2966 sentiret,
913 2909 958 2956 sibi
976 2908 1073 2970 obligari
1092 2906 1191 2955 brachia.
1231 2906 1307 2953 Nullo

243 2970 304 3018 disse
322 2969 399 3017 Rhen.
414 2969 521 3018 audead
537 2973 709 3032 sequamejus
724 2985 759 3019 er-
792 2971 862 3018 modo
877 2986 931 3018 cum
948 2971 1057 3019 Acidalio
1070 2971 1207 3018 tentandum
1223 2973 1306 3032 ingra-

244 3049 283 3082 τοι·
297 3033 404 3081 defluxit.
709 3053 714 3056 ·
792 3041 884 3097 toe,pro
895 3037 984 3083 breite.
1018 3035 1091 3081 Ena.

276 3101 399 3146 laveram
409 3100 556 3162 supersedeo}
580 3097 650 3156 Meis,
658 3097 761 3160 adeoque
796 3128 799 3133 >
825 3099 985 3160 Mitiarerpe]
998 3098 1308 3160 C.Agr.mcliara,·glossa.

244 3161 295 3210 aliis
311 3160 385 3210 verbis
410 3168 507 3212 nauare.
550 3165 673 3210 Invertera
698 3161 761 3208 idem
831 3164 866 3209 Et
889 3164 1030 3210 lentitudine
1055 3164 1150 3226 martir]
1174 3162 1214 3209 Sic
1235 3163 1308 3210 MSS.

244 3235 286 3285 est,
304 3225 367 3300 qued
384 3233 534 3286 commutare,
553 3224 700 3273 commutatis
711 3240 760 3272 rer-
793 3225 871 3273 Guelt
890 3225 979 3289 (Bud.)
1001 3234 1025 3274 et
1041 3225 1081 3273 alii
1100 3241 1137 3289 ap.
1156 3225 1306 3274 Bruteriumz

244 3290 381 3348 abdicere,
405 3302 451 3335 non
463 3297 596 3351 pervetere,
607 3303 761 3350 eorrumpere,
793 3289 845 3336 edd.
859 3289 1057 3352 Paemalapa
1068 3305 1119 3352 sqq.
1139 3290 1173 3336 At
1183 3291 1305 3337 vettleni-

244 3363 271 3402 ut
282 3353 369 3415 aarepit
380 3351 516 3412 Rhenanus.
527 3353 568 3416 qui
581 3361 701 3416 propterea
711 3367 761 3400 me·
794 3355 892 3410 tudine,
911 3354 997 3402 vitiose
1034 3355 1122 3401 Tracta
1143 3355 1244 3400 durante
1264 3353 1307 3399 iut.
1342 3375 1349 3381 v

244 3420 307 3466 lebat
318 3421 439 3466 innectere.
473 3417 512 3465 Sic
527 3419 602 3464 aratia
615 3431 723 3463 canuam
739 3423 762 3465 ct
793 3417 927 3480 unguinis,
951 3417 992 3481 qui
1006 3417 1090 3464 dicitur
1104 3419 1177 3472 rraat,
1196 3432 1251 3464 cum
1267 3431 1308 3478 per

244 3488 336 3530 mutata
352 3496 390 3543 sp.
402 3479 476 3528 Cicer.
488 3480 761 3535 parturienti·
793 3496 862 3529 venas
886 3481 1006 3529 emittitur.
1042 3481 1155 3529 -Sensusr
1177 3496 1232 3528 cum
1254 3495 1307 3527 san-

184 3547 188 3551 '
244 3553 315 3608 atque
321 3545 372 3592 aliis
378 3544 452 3593 verbis
458 3560 572 3607 expressa.
587 3546 659 3592 ΕΜ.
677 3543 767 3599 nitier.
792 3545 845 3606 guis
860 3545 929 3594 nimis
942 3545 983 3592 diu
1006 3545 1087 3592 flueret
1102 3544 1215 3607 tardeque
1232 3544 1307 3590 effun-

246 3609 304 3657 liec.
334 3609 373 3656 15.
399 3622 441 3670 pro
468 3611 595 3656 invertere·
610 3609 687 3656 forsan
715 3609 761 3672 leg.
794 3607 892 3663 deretur,
908 3609 1011 3672 adeoque
1022 3607 1092 3656 nimis
1108 3609 1196 3655 lentam
1210 3615 1308 3656 martem

246 3673 337 3734 conjicit
346 3673 449 3718 tuerere
465 3672 502 3720 vel
515 3673 613 3736 inferra—
625 3671 707 3720 Heius.
724 3675 762 3720 irr-
793 3671 980 3736 iareappareret
1012 3672 1084 3719 Ean.
1324 3729 1329 3734 .

189 3789 193 3800 ¹
247 3745 344 3786 certare.
688 3771 690 3778 ,
831 3738 957 3794 Verianum,
968 3734 1025 3799 qao]
1047 3736 1163 3784 Cicutam.
1188 3738 1263 3784 lars.

278 3801 388 3850 Ialtiberc
404 3799 514 3861 inertem]
531 3801 570 3848 Ita
585 3801 675 3864 primus
691 3801 762 3851 edidit
826 3803 946 3862 Frigidus
967 3803 1022 3864 jam
1052 3799 1131 3864 artas]
1158 3800 1197 3849 Sic
1214 3801 1311 3865 ¹habeut

246 3866 350 3915 Fretum
372 3867 530 3926 econjeetura
552 3865 762 3928 numantiaque
794 3865 866 3913 MSS.
879 3863 1014 3912 morena.
1027 3863 1107 3911 Guelf.
1117 3865 1153 3912 ed.
1165 3881 1200 3928 pr.
1211 3865 1310 3927 itaque

246 3945 326 3980 omnm
347 3929 420 3977 secuti
437 3938 491 3977 sunt
510 3929 658 3993 exemplum,
680 3939 762 3992 prater
793 3943 849 3976 cum
867 3928 893 3975 J.
904 3927 1030 3976 arenario
1046 3929 1129 3992 recepi,
1143 3944 1198 3976 cam
1214 3943 1309 4002 praeser-

247 3994 375 4058 Rycldum·
406 3992 761 4055 lawaratabesteMSSAElor.
794 3990 881 4045 tim‘et
902 3992 998 4039 Tacitus
1016 3999 1040 4038 et
1060 3992 1100 4040 alii
1125 3991 1224 4040 historici
1245 3991 1310 4037 hunc

247 4059 309 4108 Bur
327 4058 361 4106 ed
379 4073 413 4121 pr.
447 4059 554 4106 inhiberi
576 4065 654 4106 canna
677 4056 763 4104 habeut
794 4057 947 4104 Gradsmum
965 4069 1012 4102 non
1038 4055 1159 4118 refugiant.
1179 4055 1209 4103 V.
1232 4056 1258 4102 J.
1280 4055 1312 4102 1³.

247 4137 327 4172 omues
348 4137 389 4170 scr.
408 4129 431 4168 et
448 4121 500 4169 edd.
516 4123 578 4169 unde
599 4121 699 4183 suspicio
715 4135 761 4167 nan
794 4118 952 4168 Gron.adH.
967 4120 989 4177 1,
1002 4120 1040 4164 ta.
1055 4127 1078 4165 et
1093 4117 1309 4168 amormuni.

246 4188 310 4241 levis.
334 4188 434 4247 imperat
450 4185 526 4247 patius
541 4185 657 4233 excidisse.
698 4183 762 4242 Quia
794 4184 867 4232 MSS.
885 4184 948 4232 Flet.
964 4191 988 4231 et
1004 4181 1068 4229 Bud.
1085 4183 1154 4230 etiam
1170 4184 1233 4228 claro
1257 4196 1309 4228 cor-

247 4251 367 4298 Broterius
392 4250 492 4296 inhiberi
517 4251 618 4311 imperat
640 4247 762 4296 intribur
789 4263 855 4310 pare.
880 4293 883 4296 ,
903 4248 995 4296 Ultima
1017 4247 1310 4295 verba-melcumani

247 4314 321 4363 MSS.
350 4313 441 4377 reperit,
469 4313 599 4376 habentque
623 4312 677 4361 edd.
705 4311 760 4360 Put.
793 4327 836 4373 pro
851 4311 1013 4374 glossahabet
1045 4309 1117 4358 Ean·
1309 4330 1312 4337 ·
