3042 4950
256 270 316 327 sos
628 314 632 323 .
677 265 904 327 snusmuu
1147 266 1317 338 [susm.

259 448 436 497 mucronem
451 426 626 494 ardescere''
635 428 755 575 dussitr
782 450 913 514 eamque
926 446 1033 491 curam
1047 424 1158 489 liberto
1180 423 1315 489 Milicho

260 513 428 577 mandavit.
471 512 573 577 Simul
594 512 634 576 ad
658 514 782 577 uentius
795 511 884 576 solito
903 509 1080 575 convivium
1093 508 1224 574 initum:
1248 531 1312 573 ser-

160 652 166 660 .
259 620 369 663 vorum
385 597 531 661 carissimi
552 596 710 693 libertate,
719 596 823 693 etalii
837 596 969 692 pecunia
982 592 1106 657 donati:
1128 605 1225 689 atque
1245 593 1311 741 ἦξε

258 697 387 747 moestus
402 695 433 745 et
442 704 574 777 ¹magna
588 682 781 766 cogitattonrs
799 680 984 743 manriestus
1004 689 1080 753 erat,
1094 700 1237 761 quamvis

260 766 359 830 titiam
381 790 468 852 vagis
490 766 681 830 sermonibus
703 764 868 828 simularet.
912 766 1073 826 Postremo
1098 762 1309 826 “vulneribus
1405 832 1409 841 ¹

258 848 435 935 ligamenta,
450 850 626 937 quibusque
642 848 758 915 sistitur
773 848 909 934 sanguis,
929 846 1060 931 parare''
1078 845 1211 909 eundem
1228 846 1309 911 Mili-

260 934 354 997 chum
368 950 489 1011 monet;
505 934 568 997 sive
580 956 712 1019 gnarum
724 932 945 1018 conjurationis
955 946 987 994 ct
1001 930 1074 992 illuc
1088 952 1187 1015 usque
1201 931 1307 1007 fidum,

259 1040 312 1081 seu
322 1019 458 1087 nescium
468 1018 725 1103 ettuncprimum
735 1017 810 1080 adre
833 1016 872 1079 tis
880 1014 1116 1101 suspicionibus
1128 1026 1163 1077 ut
1172 1013 1309 1101 plerique

259 1102 413 1165 tradidere
427 1102 467 1165 de
487 1124 544 1165 oon
601 1102 751 1166 uentibus
828 1123 890 1176 am,
904 1122 976 1163 cum
992 1122 1095 1161 secum
1116 1098 1232 1161 servilis
1246 1100 1309 1163 ani·

258 1209 328 1249 mus
342 1186 475 1271 praemia
495 1207 550 1271 per
595 1187 631 1249 iae
653 1185 820 1272 reputavit,
845 1184 998 1268 simulque
1019 1183 1157 1245 inmensa
1180 1185 1309 1269 pecunia

258 1284 289 1333 et
303 1271 441 1356 potentia
454 1271 707 1347 obversabantur,
727 1269 816 1333 cessit
830 1269 878 1332 fas
892 1280 922 1331 et
938 1267 1020 1331 salus
1033 1267 1165 1353 patroni,
1180 1282 1212 1331 et
1225 1292 1309 1333 acce.

257 1369 321 1440 ptae
335 1354 483 1419 libertatis
497 1354 651 1418 memoria.
697 1354 825 1427 Etenim
837 1352 942 1416 uxoris
950 1374 1076 1436 quoque
1087 1352 1244 1415 consilium
1253 1354 1309 1417 ad-

259 1454 441 1524 sumpserat,
457 1438 606 1503 muliebre
619 1462 655 1501 ae
670 1438 820 1503 deterius:
844 1438 961 1525 quippe
976 1435 1060 1499 ultro
1073 1449 1190 1498 metum
1210 1437 1308 1499 inten-

258 1524 354 1601 tabat,
366 1523 566 1608 “multosque
575 1522 728 1586 adstitisse
737 1522 861 1586 libertos
870 1546 905 1585 ac
917 1543 1030 1595 servos,
1042 1520 1097 1604 qui
1108 1520 1214 1583 eadem
1225 1521 1309 1585 vide-

257 1608 339 1674 rint:
367 1606 442 1670 nihil
468 1608 668 1693 profuturum
692 1606 784 1670 unius
809 1606 981 1669 silentium:
1010 1618 1042 1667 at
1065 1605 1193 1690 praemia
1217 1628 1308 1690 penes

152 1696 153 1701 ’
259 1714 357 1755 unum
371 1693 448 1767 fore,
464 1690 648 1776 qui'indicio
662 1691 888 1777 praevenisset.”

300 1776 372 1840 LV.
390 1776 504 1861 Igitur,
514 1789 616 1861 coepta
626 1776 705 1853 luce,
720 1775 871 1841 Milichus
884 1776 915 1838 in
927 1777 1036 1839 hortos'
1044 1774 1231 1838 Servilianos
1239 1798 1308 1859 per-

257 1861 303 1947 git
317 1883 323 1923 :
340 1873 381 1938 et,
391 1883 461 1923 cum
474 1860 593 1923 foribus
603 1870 768 1937 arceretur,
785 1866 807 1898 “
816 1882 929 1945 magna
941 1874 971 1923 et
982 1860 1096 1922 atrocia
1107 1859 1245 1922 adferre”
1259 1861 1307 1923 di-

257 1960 378 2022 ct1tans,
390 1943 633 2028 deductusquea
676 1944 847 2008 anitoribus
856 1944 895 2007 ad
907 1944 1053 2007 libertum
1065 1944 1211 2021 Neronis,
1222 1942 1309 2029 Epa·

255 2029 527 2115 phroditum,mox
536 2030 577 2092 ah
585 2052 621 2092 eo
630 1970 672 2091 ad
677 2031 842 2105 Neronem,
854 2037 875 2066 “
884 2050 999 2114 urgens
1007 2028 1191 2113 periculum,
1200 2050 1309 2113 graves

256 2113 546 2191 con'nrationes,”et
554 2127 664 2189 cetera,
675 2138 746 2199 quae
756 2112 896 2177 audierat
905 2114 1200 2208 conjectaveratque,
1209 2113 1306 2177 docet.

257 2138 372 2261 Telum
381 2220 506 2283 quoque
517 2198 550 2259 in
562 2221 664 2261 necem
674 2200 742 2282 ejus
750 2211 892 2283 paratum
902 2197 1047 2272 ostendit,
1056 2197 1210 2281 accirique
1221 2219 1309 2261 reum

252 2282 354 2367 jussit.
388 2284 422 2346 Is
436 2296 543 2367 raptus
556 2305 612 2367 per
626 2282 747 2359 milites,
763 2296 795 2344 et
808 2281 1015 2345 defensionem
1031 2304 1127 2357 orsus,
1146 2290 1167 2319 ‘⁶
1177 2282 1306 2361 ferrum,

252 2367 344 2447 cu‘us
358 2378 549 2451 argueretur,
565 2366 637 2428 olim
653 2366 799 2453 religione
812 2367 912 2451 patria
927 2366 1057 2443 cultum,
1073 2367 1149 2428 etin
1164 2366 1307 2441 cubiculo

254 2390 407 2529 habitum,
422 2475 457 2514 ac
472 2450 582 2514 fraude
597 2450 697 2514 liberti
713 2452 926 2537 subreptum,''
939 2451 1106 2536 responditl
1134 2458 1153 2488 “
1168 2450 1308 2516 Tabulas

254 2536 427 2622 testamenti
443 2537 555 2622 saepius
570 2560 589 2598 a
603 2559 645 2612 se,
658 2549 688 2598 et
702 2536 890 2601 incustodita
898 2536 1019 2599 dierum
1033 2535 1255 2613 observatione,
1268 2537 1308 2600 si·

251 2631 370 2716 gnatas.
416 2620 567 2684 Pecunias
582 2633 611 2682 et
629 2619 785 2684 libertates
800 2621 895 2683 servis
909 2635 940 2683 et
956 2634 1026 2683 ante
1041 2621 1123 2687 dono
1137 2620 1236 2700 datas,
1252 2622 1306 2685 sed

214 2709 221 2722 '
252 2703 323 2766 tdeo
346 2718 419 2767 tunc
443 2703 571 2788 largiuS,
593 2705 678 2788 quia,
703 2706 787 2767 tenui
814 2706 875 2768 'am
898 2728 941 2766 re.
955 2705 1098 2777 familiari
1115 2716 1146 2768 et
1168 2705 1307 2770 instanti-

252 2786 312 2850 bus
328 2787 542 2863 creditoribus,
565 2801 747 2853 testamento
769 2788 801 2850 di
834 2789 930 2853 deret.
975 2790 1145 2852 Enimvero
1165 2789 1307 2854 liberales

253 2893 373 2957 semper
394 2872 500 2958 epulas
522 2873 678 2951 struxisse,
702 2885 733 2936 et
755 2874 850 2936 vitam
865 2896 1017 2936 amoenam
1040 2888 1071 2936 et
1087 2873 1173 2936 duris
1192 2875 1307 2960 judici-

250 3044 369 3106 positione.
392 3045 462 3092 Eur.
490 3044 528 3092 Sic
538 3045 600 3094 But
612 3047 661 3110 Ap.
673 3046 761 3093 Lucan.
827 3049 862 3095 Et
884 3049 939 3093 illue
963 3063 1033 3110 mque
1052 3050 1144 3112 fidum]
1176 3049 1215 3095 Sic
1234 3048 1308 3097 MSS.

250 3123 342 3170 quoqne
362 3109 386 3167 7,
408 3111 459 3157 139.
477 3111 563 3156 cotibus
586 3125 652 3170 asper
673 3111 764 3158 exarsit
795 3109 961 3172 mortuus.)
981 3105 1062 3160 'Guelfi
1085 3111 1137 3159 edd.
1158 3117 1211 3159 ante
1228 3112 1309 3160 Rhen.

250 3185 336 3218 macro.
427 3221 429 3226 ,
793 3189 886 3222 omnes:
904 3176 929 3221 in
946 3175 1016 3235 hujus
1032 3175 1069 3222 ed.
1090 3174 1193 3236 primum
1211 3190 1307 3238 compa·

281 3237 378 3296 Magne
388 3237 537 3297 cogitationis
551 3235 698 3300 mamfestsu]
721 3239 762 3285 Sc-
793 3246 828 3286 ret
841 3235 1046 3301 harmqua'quod
1057 3238 1113 3286 vitio
1130 3253 1251 3301 operarum
1268 3239 1307 3286 in-

248 3311 304 3345 neca
314 3299 338 3344 in
350 3299 457 3348 controv.
472 3303 496 3356 2,
513 3303 535 3345 5.
554 3298 616 3362 (13.)
636 3303 762 3360 Tyrannus
794 3312 883 3362 rectum
891 3312 958 3364 puto:
970 3302 1009 3350 sad
1017 3302 1042 3349 id
1048 3310 1226 3350 tenuereomncs
1231 3317 1308 3366 usque

247 3363 378 3421 suspiratur
392 3371 433 3422 est,
446 3365 494 3409 sive
511 3365 552 3410 nst
567 3366 655 3424 aliquid
667 3367 761 3419 excidit,
792 3365 822 3413 sd
832 3365 851 3411 J
853 3398 858 3410 .
870 3367 972 3414 Gronov.
1005 3365 1076 3414 Ean.

247 3425 296 3470 sive
306 3440 395 3486 mgna
407 3428 503 3472 consilto
518 3442 563 3474 nors
574 3430 627 3474 benc
639 3430 717 3474 vultus
727 3436 761 3476 te·
835 3430 875 3475 De
897 3430 1094 3492 emmaum]
1117 3429 1213 3477 Grotius
1234 3431 1308 3491 conji-

242 3489 290 3548 etr.
323 3488 399 3537 latre.
792 3493 866 3539 ciebat
889 3494 1071 3549 auctentum
1099 3494 1167 3542 male·
1203 3495 1308 3543 Tradere

247 3553 759 3680 slm'ttttt'llthtmtt'h
791 3555 1308 3682 lithlq‘llsslllhnhilbifflhll}

246 3676 316 3725 Probi
327 3687 350 3724 et
365 3675 406 3726 Ol.
423 3679 491 3727 Gons.
508 3681 529 3739 l,
545 3682 585 3728 31.
622 3683 702 3742 Vagae
718 3699 770 3732 ru-.
790 3683 905 3744 scripsere.
939 3683 977 3730 Sic
993 3683 1074 3732 Cicero
1089 3683 1149 3732 dixit
1170 3697 1307 3745 mteqaess

245 3739 344 3788 morl-l.
355 3746 379 3800 3,
391 3745 430 3790 25.
476 3769 481 3775 ·
754 3797 758 3801 ,
790 3755 814 3793 et
820 3753 940 3806 posterum
952 3753 1041 3808 tempus
1051 3746 1207 3810 synonymiae.
1229 3749 1304 3796 Eser.

278 3806 369 3852 Parare
389 3807 495 3854 eumdem
513 3808 656 3870 Milichum]
700 3810 757 3857 Sen-
790 3809 856 3856 Brot.
883 3810 982 3872 explicat
1005 3810 1034 3857 de
1059 3812 1157 3859 istomm
1184 3811 1305 3860 mendato-

240 3869 315 3916 mnus
329 3877 442 3930 aptsest:
463 3881 540 3919 umen
556 3870 609 3918 libri
625 3871 684 3918 illud
695 3873 758 3920 verbi
789 3886 842 3919 rum
863 3873 1035 3936 consequentiis.
1068 3874 1149 3923 Heius.
1166 3889 1209 3938 pro
1229 3875 1306 3938 glossa

243 3930 400 4044 Ἢιιηῐε
426 3949 525 3996 quorum
545 3935 630 3997 partim
641 3937 758 3997 fisrtlelat
790 3935 867 3983 habet.
909 3982 913 3987 .
970 3982 973 3987 ,
1081 3986 1083 3989 ,
1111 3964 1114 3970 ’

243 4008 271 4040 eu
324 4010 367 4052 m,·
384 3995 431 4054 elii,
444 3999 624 4058 ponebatque,
641 3999 757 4057 nonnulli,
821 4000 941 4046 latomo
959 4002 1115 4065 Servilianos]
1132 4001 1170 4051 Gi.
1182 4001 1308 4061 Η.3,38.

238 4059 393 4118 puniebatur.
427 4059 653 4122 Quidvertquaero.
681 4061 757 4110 Ltrs.
788 4061 853 4108 Suet.
864 4063 903 4116 47.

244 4121 351 4168 Primum
368 4130 402 4178 est
423 4121 478 4173 MS.
495 4123 558 4172 Bud.
577 4124 674 4172 alterum
694 4125 757 4172 Flos.
821 4127 1022 4190 Epaphroditum]
1042 4126 1092 4187 Qui
1108 4144 1123 4175 s
1143 4129 1230 4177 libellis
1248 4129 1304 4185 tuit,
1378 4181 1381 4188 ,

242 4184 355 4232 etuuelf.
366 4185 459 4233 tertium
469 4185 505 4232 ed.
532 4188 757 4242 r.PararsPutaol.
788 4187 875 4252 dequo
889 4188 1013 4238 Suetonius
1029 4191 1116 4240 Neron.
1131 4195 1170 4242 ⁴9.
1203 4193 1237 4240 m
1250 4192 1305 4239 Do-

242 4202 539 4322 ediditnescioenehlg.
566 4250 637 4298 Ean.
668 4250 755 4299 Forsan
787 4250 840 4298 mit.
854 4253 892 4298 lh
923 4252 968 4300 Est
983 4253 1023 4302 ille
1038 4254 1095 4318 ipse,
1106 4256 1144 4303 cui
1159 4255 1244 4303 nobilis
1254 4269 1303 4303 ses.

242 4310 454 4382 ceodGenuensi.
467 4310 551 4372 Hiller,
564 4313 757 4376 Rec.3t.oonji-
788 4313 962 4377 vusllpictetus
977 4317 1029 4366 fuit.
1057 4317 1274 4370 SuidesetArrien

242 4373 561 4449 astigitanam-..sarcire
622 4427 624 4432 ,
789 4379 811 4437 l,
826 4380 847 4425 1.
878 4379 952 4426 Lus.
993 4400 995 4403 ·
1065 4427 1068 4430 ,
1160 4425 1165 4432 ,
1236 4424 1239 4430 .
