3042 4950
241 200 274 241 n.
289 202 316 242 c.
332 187 392 259 63.]
575 182 671 273 llll.
691 182 774 242 XlV.
796 180 882 241 CAP.
901 186 948 241 48.
1242 180 1304 245 239

237 347 391 421 ,adversus
415 343 592 429 Principem
614 342 761 405 carmina'
779 340 941 420 factitavit,
967 340 1169 427 uulgauitque
1192 340 1305 411 celebri

241 432 394 511 convivio,
413 430 491 493 dum
510 427 776 513 apud-Ostorium
793 425 958 512 Scapulam
980 426 1132 511 epulatur.
1179 426 1263 493 Exin
1286 450 1304 489 a

244 517 429 583 Cossutiano
449 513 613 600 Capitone,
633 512 689 598 qui
707 533 808 597 nuper
829 512 1024 599 Senatorium
1044 512 1194 589 ordinem,
1209 512 1308 597 preci,-

243 604 304 665 bus
330 599 488 685 Tigellini,
516 597 693 675 socerisui,
720 610 886 682 receperat,
912 596 1080 683 majestatis
1103 595 1224 665 delatus
1251 612 1310 667 est.

239 684 333 759 ¹Tum
355 685 492 771 primum
505 696 649 748 revocata
662 706 699 747 ea
712 682 785 747 lexr
809 682 1056 768 credebaturque
1072 680 1159 745 haud
1179 681 1308 767 perinde

240 769 374 843 exitium
390 769 541 849 Antistio,
555 791 652 855 quam
667 767 854 866 Imperatori
875 767 974 854 gloria
987 766 1129 854 quaesita,
1144 778 1182 831 nt
1195 766 1310 831 conde-

241 870 371 921 mnatus
389 879 409 920 a
424 856 554 934 Senatu,
572 856 788 919 intercessione
801 854 984 917 Tribunicio
1003 852 1096 923 morti
1111 852 1309 919 eximeretur.

244 945 301 1022 Et,
316 964 389 1005 cum
404 941 557 1018 Ostorius,
574 946 596 978 “
609 938 688 1003 nihil
706 938 890 1017 audivisse?
908 962 966 1025 pro
981 936 1155 1003 testimonio
1169 936 1307 1017 dixisset,
1409 1002 1412 1017 ,

243 1028 382 1091 adversis
393 1026 522 1091 testibus
532 1025 702 1089 creditum:
717 1023 899 1111 censuitque
914 1026 937 1087 J
939 1025 1033 1089 unius
1044 1022 1214 1100 Marullus,
1227 1026 1310 1089 Con-

245 1112 295 1179 sul
316 1113 504 1198 designatus,
527 1109 766 1173 “adimendam
788 1131 842 1171 reo
863 1112 1050 1187 Praeturam,
1072 1108 1310 1195 necandumque

245 1221 332 1279 more
345 1196 529 1281 majorum.”
543 1194 673 1259 ¹Ceteris
686 1192 760 1256 inde
774 1194 1020 1271 assentientibus,
1033 1194 1141 1259 Partus
1156 1194 1309 1273 Thrasea,

244 1282 346 1360 multo
367 1302 441 1344 cum
464 1280 582 1343 honore
594 1278 801 1358 ,Caesaris-et
822 1279 969 1353 acerrime
993 1279 1144 1363 increpito
1161 1280 1311 1357 Antistia,

244 1374 267 1423 f‘
282 1388 357 1445 non,
371 1365 530 1452 quidquid
548 1387 662 1429 nocens
681 1386 753 1428 rens
772 1365 837 1451 pati
852 1376 1032 1442 mereretur,
1047 1362 1091 1440 id,
1106 1363 1233 1449 egregio
1251 1365 1310 1429 sub

246 1451 402 1538 Principe,
424 1463 457 1514 et
470 1450 557 1514 nulla
575 1449 754 1513 necessitate
773 1448 921 1515 obstricto
937 1451 1065 1526 Senatu,
1081 1448 1312 1527 statuendum?
1385 1498 1387 1504 2

246 1536 411 1619 disseruit:
439 1536 650 1599 “carnificem
670 1549 702 1599 et
720 1534 870 1621 laqueum
891 1534 1012 1621 pridem
1035 1533 1168 1599 abolita:
1194 1546 1225 1597 et
1247 1557 1312 1599 esse

246 1645 355 1708 poenas
377 1622 500 1708 legibus
524 1620 716 1698 constitutas,
740 1620 869 1705 quibus,
893 1620 958 1683 sine
975 1620 1122 1704 judicum
1143 1620 1262 1685 saevitia
1281 1631 1313 1685 et

246 1722 424 1794 temporum
438 1706 576 1785 infamia,
592 1706 744 1792 supplicia
757 1706 1004 1771 decernerentur.
1051 1705 1139 1777 Quin
1153 1704 1186 1767 in
1200 1704 1312 1784 insula,

251 1944 459 2053 ιὃι139(;()εειιίίιιπο
477 1940 550 2005 cap]
568 1938 607 1988 De
622 1939 667 1988 hoc
684 1941 723 2000 ll,
740 1938 764 1987 6.
796 1938 892 2049 gloriarln
903 1948 1001 2003 pararet.
1026 1938 1103 1987 Iure.
1124 1936 1314 1991 AdimtarAu-
1386 1993 1389 1998 ¹

284 2040 292 2066 ‚
336 2039 343 2053 .
797 2006 859 2066 gusti
887 2008 928 2061 ,2,
1234 2014 1236 2019 ·

285 2074 349 2119 Tum
361 2073 472 2131 primam
488 2078 595 2118 revocata
612 2070 668 2133 eta]
686 2068 765 2117 Locus
829 2070 917 2117 manias
928 2069 1052 2116 Marullus
1065 2067 1314 2131 Consuldasigaalas]

249 2134 314 2184 haud
329 2133 399 2182 dubie
418 2133 520 2192 vitiosus,
540 2150 612 2197 eaque
628 2133 764 2193 de'caussa,
797 2134 863 2181 Inter
873 2132 978 2180 suffectos
988 2147 1034 2180 non
1045 2131 1115 2179 dubie
1126 2130 1246 2179 Consules.
1269 2133 1316 2179 Sed

249 2198 312 2245 varie
330 2205 438 2245 tantatus.
471 2197 538 2245 Libri
558 2213 606 2245 non
626 2210 766 2259 magnopere
798 2197 896 2244 inhunc
910 2198 987 2260 ipsam
1003 2211 1100 2254 annum,
1111 2196 1232 2242 Annaeum
1244 2194 1316 2243 Sene-

249 2262 347 2315 variam,
359 2262 404 2309 nisi
414 2262 477 2325 quod
492 2262 544 2311 edd.
555 2262 648 2309 Puteal.
658 2260 767 2308 Beroald.
798 2276 849 2309 cam
861 2270 884 2309 et
894 2260 1038 2309 Trebellium
1046 2260 1183 2307 Maximum
1196 2272 1267 2306 coss.
1278 2274 1316 2307 re-

250 2325 305 2381 Alc‚
316 2341 345 2373 aa
355 2329 475 2374 mma.
485 2326 521 2375 ed.
534 2342 571 2390 pr.
581 2334 717 2386 reponeret,
723 2340 767 2389 pro
798 2325 931 2373 lerunteviri
941 2325 1002 2373 docti
1018 2325 1043 2371 in
1057 2336 1126 2387 opere
1136 2324 1275 2381 Fastorumr
1293 2330 1316 2371 et

173 2412 176 2416 ·
250 2390 767 2453 animareturrntrumquevitioserdeniqne
798 2390 922 2446 locasunt,
936 2405 989 2452 qua
1002 2396 1115 2437 annuunt.
1147 2388 1269 2435 Ausonius
1282 2396 1316 2435 ta·

252 2454 307 2502 Ms
319 2455 382 2503 Flor.
393 2462 421 2506 at
430 2470 477 2502 non
487 2456 566 2514 habet,
577 2453 640 2518 quod
649 2454 675 2501 in
686 2454 767 2503 Guelt'.
798 2468 854 2502 men
868 2455 892 2502 in
904 2454 1046 2517 Panegyrico
1058 2454 1150 2502 Seneca
1161 2452 1316 2502 Consulatum

252 2518 321 2566 estin
331 2520 409 2568 litura
421 2518 496 2578 [Bud
507 2519 577 2567 habet
587 2519 635 2578 ut.)
652 2519 768 2567 Tentatnr
799 2527 877 2581 aperte
891 2518 1006 2566 detrahitr
1029 2520 1105 2564 Dicas
1116 2519 1211 2576 Serrana,
1223 2531 1264 2564 aec
1280 2523 1316 2564 ta-

252 2584 417 2658 corrcctioesic,
434 2592 462 2630 ut
477 2583 525 2643 alii,
543 2590 634 2637 auctore
650 2581 766 2642 Mercero,
799 2597 852 2630 mea
877 2584 972 2641 Consul,
995 2589 1112 2643 arguatur
1135 2581 1224 2628 rectius
1245 2595 1316 2642 qaam
1403 2623 1405 2628 .

251 2663 298 2710 qua
311 2655 436 2710 corrigant,
446 2647 486 2694 alii
501 2662 555 2695 cum
567 2646 663 2694 Mureto
678 2661 767 2706 qnare·
795 2648 965 2707 proerliccbltcr
976 2647 1144 2693 concreditam
1154 2647 1254 2692 indolem
1263 2647 1318 2693 Nc·

159 2720 161 2724 “
251 2711 439 2772 rettAcidalius
455 2712 766 2770 aeacumqaeqaoesam
800 2713 924 2768 ronlmed
939 2712 1187 2758 armursaraevitiamr
1205 2723 1253 2772 quo
1267 2711 1318 2757 loon

250 2772 769 2836 Freinsheredebararqae-gmaqaaesaa:
800 2773 867 2822 video
886 2790 933 2822 esse
950 2775 992 2837 qui
1010 2773 1156 2836 negationem
1172 2774 1317 2832 subtrahant,

251 2839 305 2888 Jac.
322 2839 453 2888 Gronovius
470 2840 570 2902 denique
589 2840 768 2898 membmarqaa
800 2839 933 2901 legantque,
951 2841 1027 2886 Dives
1044 2840 1138 2896 Saea,
1155 2844 1233 2886 amca
1255 2840 1340 2886 Cora*

251 2902 768 2967 quaerl‚ati.·quodilleetiamincontexmm
800 2905 845 2949 aul.
878 2903 954 2952 lues.
986 2903 1017 2950 V.
1038 2901 1107 2964 Pigh.
1127 2901 1157 2950 ad
1175 2917 1199 2949 s.
1219 2903 1281 2950 alt·
1295 2911 1318 2952 et

250 2969 342 3030 recepit.
359 2967 584 3028 Decredebaturque
590 2965 768 3029 haudambigor
801 2965 880 3015 Vinct.
896 2968 926 3016 ad
942 2968 966 3014 h.
982 2968 999 3014 l.
1015 2965 1126 3026 Ausonii,
1144 2965 1186 3029 qui
1204 2959 1318 3016 canales

251 3030 770 3158 enan
801 3030 1236 3159 r

252 3158 650 3225 partenihildumdefinireaudeo.
689 3158 770 3221 Magis
802 3159 944 3212 Rhenanum
959 3162 1073 3210 Saarna:
1090 3159 1110 3206 si
1125 3159 1208 3222 copula
1221 3161 1319 3208 arabes

253 3235 332 3274 nmen
343 3223 599 3284 inamomquaeataa
616 3221 714 3276 Etenim
722 3237 769 3270 non
802 3233 844 3283 set,
856 3226 993 3287 probaremr
1011 3237 1074 3272 nunc
1085 3224 1267 3272 secuturarum
1278 3232 1320 3272 est.
1374 3232 1377 3235 ’

254 3289 345 3337 videtur
355 3287 429 3336 dicere
439 3289 499 3361 nelle
511 3287 614 3346 Tacitus,
626 3285 683 3349 quid
693 3286 770 3334 homi·
802 3287 874 3338 Ean.
902 3289 967 3336 Bud.
978 3291 1082 3336 &natur
1094 3294 1117 3336 et
1127 3287 1159 3336 sic
1167 3289 1218 3348 jam
1227 3288 1319 3340 Puteal.

254 3367 297 3400 nes
311 3353 340 3399 de
356 3367 381 3400 re
394 3351 519 3413 judicarint
531 3359 585 3399 ante
597 3359 714 3409 eventum,
730 3351 771 3400 sed
803 3353 1113 3402 consummassent

272 3415 313 3477 uid
329 3426 382 3480 post
397 3425 525 3464 eventum:
544 3431 573 3464 ex
589 3429 636 3478 quo
652 3415 770 3474 videbant,
838 3418 978 3480 Carnificem
994 3424 1017 3464 ct
1034 3415 1153 3479 taquam]
1170 3417 1320 3479 Respondent

282 3495 376 3530 etonem
393 3495 434 3544 spe
454 3480 539 3529 falsum
557 3487 639 3533 suast
654 3489 770 3528 mousero-
803 3481 838 3528 illi
854 3481 952 3539 decreto,
969 3495 1032 3528 more
1049 3483 1165 3543 majoram
1181 3483 1320 3532 necandam.

255 3561 313 3592 rari.
346 3542 372 3592 Si
389 3553 442 3592 ante
458 3560 562 3593 cannam
580 3552 655 3592 actam
671 3544 705 3591 sic
721 3559 771 3591 cre-
803 3542 843 3596 Ex
854 3547 972 3608 quoclare
983 3545 1058 3605 discis,
1071 3545 1127 3607 quid
1136 3547 1226 3606 parire
1238 3545 1320 3598 Tacito

255 3609 373 3671 uidissent,
393 3609 453 3656 nihil
468 3609 609 3674 impedisset,
629 3623 677 3671 qno
692 3607 771 3656 minas
803 3624 868 3658 marc
895 3614 1019 3674 majoram.
1052 3609 1128 3657 lues.
1158 3607 1225 3656 aad.
1254 3611 1318 3660 Suet.

255 3673 336 3721 durim
347 3681 478 3732 autumem·
509 3671 661 3724 Scdoffensio
671 3669 771 3720 Neronis
803 3673 861 3722 Ner.
872 3675 911 3724 39.
944 3675 1017 3722 Ean.
1315 3685 1319 3690 '

254 3735 771 3864 ramesensem
802 3736 1321 3852 usurpas

274 3856 277 3860 „
877 3838 909 3879 ,r
1036 3870 1041 3880 Ι
1074 3835 1095 3880 .‘
1119 3867 1125 3879 ι
1213 3833 1214 3838 ’
1297 3835 1320 3876 ,·

251 3880 312 3978 tl
320 3864 770 3992 atttldll·..lll.lltt
803 3867 1321 3998 hl.*ltabtllllllllhlll

256 3996 371 4053 quesivit.
405 3994 559 4042 Freinshemii
587 3994 770 4042 mandationem
802 4012 883 4044 veram
892 4005 957 4059 puto.
993 3995 1048 4044 MS.
1061 3996 1123 4043 Flor.
1140 3998 1219 4056 quiin
1234 3997 1320 4042 inach.

256 4057 390 4105 meamfeci.
408 4057 513 4120 Ryclrius
521 4058 634 4122 probavit,
643 4073 685 4129 nec
693 4067 771 4109 tamen
802 4062 861 4123 Agr.
874 4063 949 4123 quiin
960 4063 1069 4108 inanum.
1085 4059 1132 4108 nd.
1146 4076 1180 4122 pr.
1193 4062 1234 4120 qai
1244 4075 1272 4106 nc
1285 4061 1321 4106 ina

257 4121 348 4183 reecpit.
657 4171 660 4176 ,
690 4136 693 4137 ’
790 4123 1321 4187 ¹maurentinusqausmaraquodomnes

270 4187 460 4259 'Intercersione
488 4189 628 4251 tribunicia]
657 4187 771 4234 Interces-
803 4190 1056 4253 usquechichenam
1070 4189 1214 4236 secutisunt.
1247 4187 1320 4236 Ean.

258 4261 321 4297 none
337 4249 408 4312 ipsius
421 4250 525 4312 casaris,
544 4253 585 4315 qui
599 4253 632 4301 ita
644 4251 771 4300 denentiae
804 4255 867 4304 Bud.
879 4257 920 4315 qai
932 4257 1016 4302 insula
