3042 4950
235 255 267 296 A.
282 256 311 300 c.
326 246 392 317 σᾶ]
600 246 675 304 LIB.
697 241 763 305 XV.
785 244 871 306 CAP.
887 250 935 308 38.
1236 254 1295 315 289

232 401 361 501 ptiules:
384 420 497 471 cuncta
517 405 652 494 denique
669 418 825 494 spectata,
839 432 912 496 quae
934 409 1026 475 etiam
1049 412 1082 475 in
1102 412 1217 476 femine
1237 434 1301 478 nox

232 503 343 571 operit.
1295 532 1299 539 ·

275 573 488 641 XXXVIII.
510 576 659 662 Sequitur
679 576 793 654 clades,
808 578 898 654 forte,
919 601 958 643 an
981 578 1053 643 dolo
1068 581 1233 667 Principis,
1251 582 1298 646 iu-

230 669 349 721 csrtum
357 685 370 731 13
384 666 468 744 (num
478 674 649 746 utrumque
660 673 800 741 suctores
811 661 987 747 prodidere)
998 664 1050 727 sed
1062 665 1215 743 omnibus,
1225 689 1298 752 quoe

230 740 303 805 lruic
323 746 395 810 urbi
416 768 472 831 per
496 744 672 809 violentiam
697 746 818 831 ignium
840 746 1027 825 acciderunt,
1055 751 1180 835 gravior
1203 765 1297 837 atque

229 827 368 892 atrocior.
401 829 545 894 *Initium
560 830 590 892 in
606 854 642 893 eu
656 842 744 916 parte
757 828 832 895 circi
845 844 959 909 ortum,
982 855 1054 917 quae
1070 834 1213 901 Palatino
1228 835 1298 899 Cae·

227 909 331 997 lioque
341 915 657 999 montibuscontiguu
667 929 730 977 est:
747 914 801 978 ubi
813 936 868 999 per
883 916 1163 1004 tabernas-quibus
1174 915 1296 995 id'mer-

228 995 395 1062 cimonium
414 1000 524 1076 inerat,
543 1022 608 1085 quo
629 998 753 1062 flamma
775 998 878 1077 alitur,
903 999 994 1064 simul
1017 1015 1138 1087 coeptus
1158 1004 1239 1089 ignis
1264 1020 1296 1070 et
1343 1057 1345 1061 .

229 1081 332 1146 statim
351 1083 482 1160 validus,
497 1105 534 1147 uc
556 1097 649 1148 vento
672 1084 762 1160 citus,
777 1081 1002 1169 longitudinem
1025 1088 1098 1149 circi
1118 1089 1293 1174 conn'puit:¹

227 1186 329 1251 neque
342 1168 424 1231 enim
433 1169 545 1232 domus
559 1168 757 1232 munimentis
771 1182 877 1253 septae,
886 1168 935 1232 vel
948 1169 1063 1255 templa
1071 1173 1168 1236 muris
1182 1174 1291 1250 cincto,

226 1265 282 1315 aut
303 1250 381 1335 quid
401 1252 488 1317 aliud
512 1273 607 1317 morae
624 1252 833 1337 interjacebat.
879 1253 993 1340 Inpetu
1019 1271 1223 1341 pervagatum
1246 1258 1300 1321 in..

225 1333 368 1399 oendium
383 1336 478 1424 pluns
490 1337 637 1423 primum,
652 1337 764 1401 deinde
777 1336 810 1399 in
824 1336 908 1401 edita
924 1338 1152 1425 adsurgenset
1165 1364 1290 1407 rursum

226 1419 371 1484 inferiora
391 1421 581 1507 populando,
603 1421 711 1485 anteiit
738 1420 875 1485 remedia
896 1420 1056 1486 velocitate
1077 1424 1162 1503 muli,
1184 1441 1215 1489 et
1237 1427 1291 1491 ob·
1319 1486 1321 1491 .

226 1504 320 1568 noxie
333 1506 412 1570 urbe
425 1506 517 1570 arctis
531 1506 693 1570 itineribus
706 1506 832 1592 hucque
846 1519 877 1569 et
891 1504 964 1571 illuc
978 1507 1076 1585 flexis,
1092 1524 1187 1594 atque
1201 1532 1290 1575 enor-

225 1590 330 1653 mibus
348 1591 432 1667 vicis
448 1591 549 1676 qualis
570 1607 660 1656 vetus
676 1592 777 1655 Romu
803 1590 873 1653 fuit.
918 1591 972 1654 Ad
994 1592 1212 1657 hoc-lamento
1234 1618 1290 1681 pu.

225 1674 364 1738 rentium
389 1676 585 1755 feminarum,
612 1676 691 1740 fessa
720 1696 828 1741 senum
856 1696 891 1742 ac
916 1675 1004 1739 rudis
1031 1678 1173 1765 pueritiae
1202 1693 1287 1760 aetas,

224 1873 367 1938 misnuptiis
385 1876 462 1925 omitti
474 1876 562 1925 debuit.
596 1877 671 1925 ers.
689 1880 740 1926 Dos
768 1877 825 1938 igni.
861 1873 958 1924 Clarum
978 1887 1013 1926 est
1028 1877 1105 1927 locum
1122 1880 1198 1927 Taciti
1213 1880 1285 1943 inspi·
1309 1933 1313 1937 ,

225 1937 303 1986 llrmst
317 1939 386 1987 etiam
404 1941 460 1988 MS.
476 1941 513 1989 lu.
529 1958 567 2004 sp.
582 1943 608 1989 J.
619 1942 691 1989 Gron.
708 1943 738 1989 ed
769 1940 838 1987 cienti
848 1946 962 1997 accurate,
973 1941 998 1988 in
1009 1942 1060 2005 ipso
1070 1944 1128 1991 circo
1139 1952 1238 2007 ooeptunr
1249 1945 1285 1991 in-

224 2000 250 2047 h:
265 2002 283 2048 i.
298 2016 340 2051 nec
356 2004 385 2051 de
405 2019 433 2051 eo
448 2004 618 2053 dubitandum:
641 2007 669 2052 in
683 2006 739 2055 MS.
769 2004 884 2060 modium,
907 2014 930 2049 et
949 2005 1043 2066 quidem
1063 2007 1086 2053 in
1107 2008 1214 2068 tabernis,
1232 2023 1285 2071 qun

225 2064 303 2113 Gnelil
314 2068 372 2114 duos
387 2076 421 2115 est
435 2084 449 2115 s
462 2085 506 2117 sec.
522 2084 610 2126 msnu3
627 2070 652 2116 In
668 2070 739 2118 litura
769 2067 829 2115 ineu
839 2076 904 2130 purte
914 2066 968 2114 circi
979 2078 1060 2116 essent
1077 2071 1149 2118 Etru.

224 2138 280 2177 sunt
301 2145 339 2189 uo,
357 2131 440 2179 ultimo
457 2134 481 2180 iu
503 2147 549 2179 non
571 2148 622 2180 ruso
643 2134 736 2192 churto;
802 2130 962 2196 liturnum]
979 2132 1070 2181 Rursus
1092 2136 1179 2197 absque
1195 2136 1284 2198 copula·

223 2193 264 2240 sed
284 2193 342 2242 dnus
362 2196 439 2243 literas
457 2212 532 2244 musas
553 2206 576 2245 et
597 2196 705 2244 ultimam
726 2215 738 2245 s
769 2194 832 2242 Bud.
849 2196 884 2241 Et
896 2208 979 2242 rursus
991 2196 1054 2243 Flos.

221 2256 293 2305 druse
311 2269 413 2322 apparet.
451 2261 500 2307 Viri
521 2268 555 2309 est
576 2275 589 2307 e
609 2263 738 2322 conjecturs
801 2258 945 2305 Enormidus
962 2262 1033 2325 vicis]
1052 2260 1135 2308 Livius
1146 2256 1170 2316 ὅ,
1181 2267 1218 2311 55.
1233 2274 1286 2326 post

223 2319 341 2380 Rhenum,
352 2338 423 2385 qnam
434 2338 537 2386 recepere
548 2324 655 2371 Bernecc.
664 2326 736 2373 (Iron.
769 2321 888 2370 Gallicum
904 2320 1044 2381 incendium,
1061 2324 1085 2371 id
1104 2335 1204 2373 excusat
1237 2329 1285 2375 Fc-

222 2392 327 2448 utcrque,
344 2386 455 2449 Ryekius.
471 2388 557 2450 Scripti
573 2396 596 2435 et
611 2388 662 2435 edd.
682 2397 738 2436 vett.
768 2388 864 2433 eiuratio
880 2396 961 2433 curum
976 2389 1062 2435 eremit
1079 2390 1140 2435 vicos
1156 2390 1283 2451 dirigendi,

222 2450 305 2505 misit:
322 2450 455 2500 recentiores
469 2451 572 2516 quidum,
590 2460 617 2499 ut
632 2452 736 2516 Lipsius,
768 2451 825 2498 dum
835 2453 919 2497 misso
930 2452 967 2498 sui
979 2452 1094 2512 alicuique
1106 2452 1249 2511 discrimine,
1258 2455 1284 2502 in

220 2515 295 2560 most
333 2516 471 2563 Viriverum
482 2530 586 2564 essenon
598 2517 737 2580 credo,qniu
768 2515 980 2573 vaouoaed'ficant:
997 2525 1020 2564 et
1034 2515 1106 2572 addit,
1117 2517 1225 2578 formam
1242 2533 1284 2564 ur-

218 2578 298 2626 suum
312 2579 418 2641 sequitur
438 2586 547 2641 sprauto.
578 2579 628 2628 lec.
645 2581 736 2628 Grono-
767 2579 801 2624 dir
819 2592 867 2625 esse
881 2586 998 2639 occupator
1015 2581 1099 2640 inagis,
1118 2595 1187 2641 quom
1202 2583 1284 2629 dtur'eoe

220 2639 644 2704 viusconjiciebstinrtitarnonmule.
660 2645 735 2692 Hein-
766 2644 874 2689 similem.
891 2643 964 2690 Inrs.
998 2643 1058 2689 Mox
1080 2645 1111 2690 ad
1131 2645 1173 2690 hoc
1194 2644 1230 2692 ed.
1247 2661 1283 2708 pr.

220 2704 737 2820 strtmnrumuuru
767 2704 1281 2832 sinistimus

409 2803 416 2816 .
499 2806 505 2816 .
725 2803 736 2814 .
879 2805 885 2817 .
941 2803 947 2817 .
1033 2803 1042 2829 ,

219 2834 292 2892 spicer
303 2835 374 2881 Deos.
406 2835 455 2883 Vix
467 2844 508 2894 est,
524 2845 608 2884 utnon
622 2836 736 2884 mundar
768 2833 839 2882 Etru.
995 2843 1000 2856 ¹
1222 2847 1224 2854 ¹

220 2895 735 2961 Hillero‚quiltscrt.verbavtstausptces
798 2898 1028 2960 retransmeant]
1056 2898 1135 2946 Sentio
1156 2899 1280 2963 corruptio·

213 2975 307 3035 prorsus
313 2960 437 3022 expungit,
444 2963 733 3024 quippesSeveroornissu
767 2971 851 3009 nemer
861 2962 974 3009 smoli0r=
993 2963 1128 3036 Fessuuut
1142 2965 1209 3010 rudit
1221 2979 1282 3025 puc-

219 3025 735 3153 tfflt‘ttttttltttttttt‘n
766 3027 918 3136 imit
934 3025 1279 3153 ttdttttttttttti

218 3150 279 3199 clare
287 3152 351 3199 Suet.
361 3153 401 3200 38.
409 3162 432 3199 et
442 3152 537 3209 Dium,
551 3155 588 3201 16.
765 3166 843 3200 vorem
854 3161 877 3200 et
888 3153 968 3200 aetstis.
1001 3153 1070 3199 AEtes
1080 3151 1172 3201 infirme
1182 3153 1278 3215 duplex,

260 3216 366 3263 Gravior
381 3221 449 3276 atquc
465 3219 578 3281 atrocior]
596 3218 659 3266 Bud.
676 3235 734 3280 gra·
765 3216 870 3325 pueritia,
890 3226 1000 3264 senectus
1034 3215 1102 3264 llsnc
1120 3226 1195 3264 noster
1215 3227 1280 3267 vocet

218 3281 272 3327 oisc
282 3282 471 3340 otqraeotrociur.
546 3297 559 3303 “
775 3284 960 3340 essum.14,3d.
993 3283 1022 3330 st
1034 3293 1089 3340 quos
1100 3281 1197 3328 notetis
1210 3295 1279 3330 rosus

252 3344 297 3390 Per
315 3345 427 3398 tabernas,
447 3346 540 3410 quidus]
569 3345 633 3393 Num
649 3346 691 3405 ibi,
708 3348 732 3395 id
765 3349 807 3390 aut
818 3345 885 3406 sessa
902 3339 1110 3392 oetar'attirrucrut.
1144 3343 1178 3392 Η.
1198 3345 1220 3402 l,
1240 3349 1279 3394 12.

217 3418 259 3465 est,
275 3407 301 3453 in
315 3406 417 3455 Velsbro
433 3410 517 3458 olesrii.
551 3409 650 3456 Pluutus
664 3410 733 3474 capt
764 3409 837 3454 Ferro
852 3411 907 3471 jum
934 3414 1001 3456 utute
1028 3408 1115 3456 Gonu.
1139 3407 1228 3457 nunu
1255 3411 1277 3469 l,

217 3473 241 3525 ³,
260 3472 278 3529 l,
295 3475 335 3518 29.
368 3473 407 3519 De
429 3480 545 3534 comporto
566 3489 616 3520 rem
634 3485 731 3535 gerum,
762 3473 802 3518 46.
846 3473 889 3518 An
909 3472 1047 3533 Augustum
1064 3472 1130 3534 ferra
1156 3479 1223 3520 utute
1243 3481 1278 3520 to-

216 3536 283 3596 quasi
294 3536 320 3581 iss
334 3536 430 3584 Velabro
440 3539 529 3591 skorit.
546 3536 732 3586 IdeonVictore
763 3537 823 3582 ileos
844 3538 869 3582 in
892 3535 1045 3582 &rotundum
1064 3549 1189 3583 cornmcare
1206 3544 1277 3600 potu·

215 3599 344 3661 inregione
357 3601 383 3647 ll
397 3599 458 3647 Circi
469 3599 579 3658 Maximi,
587 3600 661 3649 locutu
672 3601 731 3650 odes
762 3599 829 3645 irre?
863 3597 937 3646 ers.
982 3597 1052 3646 Varie
1078 3607 1179 3648 tentatus
1202 3601 1275 3649 locus.

216 3664 327 3713 Herculis
349 3663 460 3711 odoarii.
492 3664 538 3712 Sed
559 3671 583 3710 et
603 3662 731 3714 Thurarius
762 3661 867 3724 Ryclrius
885 3662 961 3710 eood.
975 3662 1035 3726 Agr.
1046 3661 1109 3710 dedit
1117 3665 1183 3726 serso
1196 3680 1277 3712 renum

214 3727 278 3776 visus
298 3727 355 3776 istic.
396 3727 507 3791 Denique
527 3742 630 3790 purpura
650 3730 729 3788 serice,
761 3741 790 3772 uc
805 3727 873 3772 rudis
884 3728 996 3788 pueritiis
1010 3733 1085 3783 utus,-
1102 3728 1211 3774 cuifnret
1227 3727 1276 3776 uod.

214 3791 414 3853 nliaequemcroes.
429 3791 546 3840 Martialis
558 3797 596 3849 ll,
608 3795 648 3839 28.
676 3795 730 3841 Nec
764 3789 852 3848 Ursini,
871 3790 896 3836 in
915 3806 962 3855 quo
977 3803 1025 3839 esst
1036 3791 1103 3852 fissa
1119 3796 1187 3836 oetute
1204 3805 1272 3840 senes.

215 3857 263 3904 oiri
272 3857 355 3916 primo
364 3857 421 3903 setis
431 3857 459 3902 de
472 3856 564 3903 Thmoo
574 3856 658 3902 oedem
669 3859 727 3904 vico.
760 3854 797 3900 At
815 3855 833 3901 J
835 3853 983 3902 .·G1uuovius
1001 3852 1106 3915 repudiet
1121 3854 1151 3899 ob
1167 3853 1277 3900 similitu.

214 3920 287 3967 Inus.
310 3917 410 3967 Videtur
419 3918 658 3981 tabemssiutelligere
666 3929 730 3968 extra
743 3911 840 3966 'dinem
869 3918 1049 3973 constructionis,
1074 3915 1209 3978 mavultque
1234 3915 1274 3964 de·

215 3981 728 4045 urrumnvioo.ntegoinre11igoubemas‚
761 3981 805 4029 leri
821 3989 883 4029 otus.
917 3980 946 4029 Id
965 3986 1126 4041 argumentum
1145 3978 1213 4026 urhiIi
1234 3990 1275 4026 est.

232 4061 270 4093 uoe
279 4047 305 4094 in
315 4055 381 4109 purte
391 4054 486 4094 extemis
495 4045 548 4093 circi
557 4045 629 4105 suere,
640 4058 731 4102 rectore
764 4047 828 4092 Nem
846 4043 1004 4092 slmilitudinis
1020 4042 1086 4106 Istius
1118 4041 1170 4088 lura
1185 4040 1210 4090 id
1227 4041 1276 4090 Te·

242 4109 331 4172 'cuysio
346 4110 423 4158 nuic.
438 4116 463 4168 3,
480 4112 520 4159 68.
536 4116 627 4172 prot.
656 4111 732 4174 ἔξωθεν
764 4108 809 4156 cito
825 4107 1009 4170 haudmrnrpta
1022 4119 1105 4166 exemp
1144 4115 1274 4158 occurrunt.

204 4174 443 4238 wiglririsritfipu
457 4173 583 4235 irifaorod
595 4176 731 4235 μσιὲστιγος,
765 4173 884 4228 Ceterum,
906 4169 960 4231 quitr
981 4170 1044 4217 illius
1065 4168 1148 4241 codicis
1173 4179 1277 4232 suspecte

215 4237 347 4298 lfyaorripra
366 4237 455 4298 ἔχουσα
471 4241 491 4286 is
508 4238 624 4308 αὖτῇγιαὶ
640 4237 733 4293 οἰκήσεις
765 4236 830 4293 fides,
844 4249 890 4281 uon
908 4249 977 4282 ausus
990 4247 1043 4281 tum
1056 4231 1173 4294 Ryclnum
1183 4233 1277 4294 imitari,

214 4299 263 4358 ὑπὲρ
279 4299 349 4345 odri-
389 4298 495 4346 Offioinae
513 4299 551 4346 hic
569 4299 672 4363 quidem,
691 4299 733 4346 sed
764 4309 792 4347 ut
807 4299 860 4347 fecit
871 4298 995 4345 Broterius.
1029 4295 1113 4358 Neque
1122 4310 1190 4358 porro
1206 4298 1279 4357 video,

217 4368 240 4407 et
250 4360 288 4407 hs
297 4362 405 4421 taberne,
418 4362 442 4409 in
452 4362 535 4425 hisque
544 4363 641 4410 muteris
651 4363 733 4410 alendo
765 4378 836 4426 quare
854 4361 879 4411 J.
890 4361 1020 4410 Gronovius
1037 4374 1100 4407 senes
1116 4359 1216 4420 feminus
1229 4373 1280 4413 ten.
