3042 4950
272 220 429 293 uetur
627 215 979 318 unumunurn.
1070 237 1076 250 x
1272 201 1332 274 tn

272 379 484 467 inprudentes.
529 379 586 455 At,
598 377 715 463 quibus
724 376 815 441 altior
828 373 1012 451 intellectui,
1027 376 1176 442 resistunt
1187 375 1338 453 defixi5e't

273 467 431 530 Neronem
452 464 615 527 intuentes.
659 461 728 540 Ille,
750 475 788 525 ut
809 477 876 527 erat
896 461 1028 539 leciiuis,
1042 474 1075 525 et
1095 462 1199 526 nescio
1219 460 1339 538 similis,

275 558 297 589 “
313 549 438 613 solitum
451 548 525 627 ita,”
539 547 593 625 ait,
610 553 629 585 “
679 546 891 612 roomitialem
904 547 1061 625 morbum,
1072 570 1137 632 quo
1168 546 1282 611 rimmn
1296 546 1338 611 ab

274 633 405 698 infantia
417 632 629 697 adflictaretur
639 570 851 711 Eiimnnicus,
865 646 897 697 et
910 632 1066 696 redituros
1078 654 1121 717 pa
1185 631 1242 702 tim
1254 631 1340 696 visus

272 718 471 817 sensusque.”
515 717 561 781 At
575 717 763 805 Agrippinae
777 718 804 782 is
822 741 931 804 pavor,
946 740 984 781 ea
995 714 1202 781 consternatio
1215 716 1338 794 mentis,

271 826 418 893 quamvrs
428 802 519 868 vultu
533 817 736 889 premeretur,
749 802 884 881 emicuit,
896 815 943 882 ut,
955 801 1084 901 perinde
1092 800 1234 887 ignaram
1245 800 1341 864 fuisse

273 912 311 953 ae
325 911 461 954 sororem
482 888 654 953 Britannici
669 886 847 965 Octaviam,
867 886 1059 952 constiterit:
1082 886 1201 972 quippe
1214 883 1273 948 sibi
1286 908 1340 949 su..

298 996 419 1039 remum
434 972 586 1038 auxilium
601 986 755 1059 ereptum,
771 987 804 1036 et
819 971 977 1059 parricidii
996 971 1174 1059 exemplum
1187 968 1340 1056 iutellige-

317 1072 340 1123 t.
368 1064 372 1071 ’
385 1058 514 1125 Octavia
528 1081 666 1143 quoque,
705 1056 824 1121 uamvis
838 1058 971 1136 rudibus
984 1058 1084 1135 annis,
1098 1054 1249 1134 dolorem,
1263 1054 1341 1121 eari-
1378 1093 1380 1102 ι

277 1159 384 1223 tatem,
398 1166 505 1207 omnes
519 1142 660 1205 adfectus
678 1165 697 1205 a
720 1140 866 1205 scondere
882 1141 1044 1207 didicerat.
1088 1145 1141 1207 Ita
1159 1152 1231 1227 post
1244 1141 1340 1205 brena

272 1229 445 1307 silentium,
458 1226 589 1313 repetita
603 1225 735 1291 convivii
749 1226 866 1290 laetitia.
1331 1282 1335 1287 .

320 1313 436 1378 XVII.
459 1312 536 1375 Nox
553 1310 660 1376 eadem
680 1334 787 1375 necem
804 1310 974 1376 Britannici
988 1324 1020 1376 et
1039 1332 1152 1397 rogum
1166 1311 1340 1395 conjunxit,

279 1397 403 1485 proviso
419 1411 490 1461 ante
505 1396 631 1462 funebri
640 1410 764 1483 paratu,
774 1398 830 1483 qui
844 1398 986 1462 modicus
1003 1398 1074 1461 fuit.
1121 1394 1160 1459 In
1173 1417 1284 1481 campo
1298 1407 1345 1458 ta-

277 1506 347 1549 men
373 1482 489 1547 Martis
509 1480 648 1568 sepultus
669 1496 725 1561 est,
747 1482 826 1547 adeo
840 1483 973 1548 turbidis
990 1482 1161 1559 imbribus„
1170 1495 1206 1545 ut
1226 1480 1341 1567 vulgus

276 1680 332 1720 vett.
344 1672 395 1721 edd.
407 1670 609 1721 anteRhenunum
617 1686 711 1719 onmes:
731 1671 795 1735 quod
828 1680 880 1720 unt.
912 1672 999 1721 Seneca
1015 1670 1101 1719 Troad.
1116 1671 1172 1717 241.
1206 1672 1292 1731 Suique
1307 1672 1345 1717 ut-

276 1738 572 1799 eurabeointreptdatum
583 1744 719 1794 mutaretur,
728 1736 795 1783 nullu
827 1744 879 1783 etur
898 1740 975 1799 operte
993 1738 1125 1797 exeruplum
1146 1736 1248 1787 terruit,
1270 1736 1344 1781 Dtdi.

278 1801 419 1863 gravissatis
430 1816 509 1851 caussa
523 1807 578 1847 erat.
610 1800 643 1847 Et
655 1809 731 1847 tamen
743 1815 795 1847 om·
827 1798 1346 1863 atqlaeAcutlluetDeauatosmorffluou.

279 1878 319 1911 nes
327 1874 406 1926 postea
416 1866 441 1913 id
449 1866 522 1915 secuti
533 1870 595 1913 sunt.
613 1864 685 1913 Eun.
711 1865 795 1926 Trepi-
862 1863 1343 1928 Octauiuquoque1·Scribe,Octunlae=is

279 1930 382 1979 dutume
393 1930 455 1978 Bud.
827 1944 900 1993 pavor
909 1929 1014 1978 videlicet
1026 1928 1080 1977 luit.
1098 1927 1175 1975 lires.
1208 1926 1276 1974 Dura
1286 1942 1341 1975 oon-

314 1994 366 2049 Quo
378 1998 489 2056 primum
507 1996 535 2041 ab
552 1995 656 2057 infautia
673 1994 796 2055 afflictore-
826 1996 923 2055 jectura.
940 1995 1012 2045 Esau.

280 2065 321 2105 tur
335 2060 503 2123 Britannicus]
528 2060 642 2107 Primum
656 2056 796 2119 'corruptum
860 2060 1039 2119 ltupostbreve
1053 2057 1186 2121 silentiari]
1205 2055 1266 2103 Tale
1276 2053 1346 2103 Statii

279 2136 327 2169 esse
338 2137 418 2171 omnes
429 2124 515 2171 vident.
536 2124 622 2171 Utrum
634 2121 795 2183 corrigendum
827 2122 904 2169 llreb.
914 2124 938 2181 2,
948 2124 1004 2169 262.
1036 2124 1069 2168 Iu
1078 2122 1169 2181 Regem
1180 2122 1284 2167 conuersi
1295 2134 1345 2167 om-

279 2185 309 2232 sit
316 2188 406 2247 primu,
418 2202 472 2234 cum
487 2186 604 2245 Acidalio,
618 2200 648 2234 an
659 2186 795 2246 plurimum
828 2188 1003 2249 uersor-midine
1010 2187 1110 2248 primu.-
1128 2187 1192 2237 Mon
1203 2186 1295 2231 uuduse
1303 2200 1344 2231 ne-

280 2264 334 2297 eum
346 2250 512 2308 Freinshemio,
527 2266 574 2299 uon
584 2265 627 2314 pro
637 2258 699 2297 certo
709 2248 794 2297 dicam.
826 2258 894 2311 gunt.
916 2251 1009 2298 Grion.
1042 2250 1103 2297 Mox
1118 2249 1154 2297 ed.
1171 2265 1208 2312 pr.
1227 2251 1346 2295 communi

281 2314 346 2361 Illud
360 2315 519 2363 consuetudini
533 2313 646 2379 loquendi
659 2313 796 2362 conveniens
828 2329 871 2379 pro
881 2317 1001 2362 amvivtl:
1018 2314 1081 2379 quod
1091 2314 1213 2361 confirmat
1223 2311 1345 2360 lectionem
1375 2358 1379 2363 .

279 2377 326 2424 tius
344 2377 440 2426 videtur.
488 2378 598 2425 Pruuum
620 2385 643 2425 et
660 2380 797 2439 plurimum
829 2380 924 2426 anobis
937 2379 1047 2427 Suetonio
1064 2378 1177 2426 redditam
1192 2378 1217 2424 in
1234 2378 1291 2425 Ner.
1305 2379 1346 2425 3&

278 2442 349 2490 etiam
367 2442 423 2492 alibi
440 2440 465 2490 in
479 2442 552 2492 MSS.
572 2442 754 2502 confunduntur,
770 2450 798 2490 ut
828 2444 871 2493 ubi
887 2444 959 2506 vulgo
975 2458 1079 2493 termene
1097 2444 1231 2490 cmruuuus:
1256 2456 1298 2490 uos
1316 2456 1346 2490 ex

280 2522 318 2570 ap.
336 2507 388 2555 niv.
406 2513 430 2565 5,
448 2509 487 2563 37.
521 2510 662 2556 Plurimum
676 2520 719 2570 pro
735 2521 798 2570 saepe
829 2508 948 2558 Cerdonis
965 2509 1025 2556 Exc.
1045 2507 1152 2555 dedimus
1170 2521 1276 2554 somnone
1291 2521 1346 2556 ecn-

280 2571 371 2619 dicitur.
396 2573 553 2620 Brltuuuicus
564 2586 618 2620 sane
629 2586 797 2632 supervacuum
830 2574 891 2620 vivii
903 2590 912 2630 ς
927 2572 1097 2635 quodetiame
1111 2570 1161 2618 cod.
1177 2570 1308 2634 Vindob.p
1337 2601 1346 2608 -
1416 2620 1419 2629 ,

281 2645 329 2682 est:
354 2637 416 2684 unde
432 2635 502 2684 deleri
524 2637 616 2684 volebat
633 2635 741 2682 Muretus
762 2637 798 2695 (et
829 2637 875 2684 fert
893 2636 1003 2684 Oudend.
1022 2636 1063 2682 sed
1105 2636 1213 2696 oglossa
1230 2639 1268 2680 τοῦ
1284 2650 1347 2682 com·

282 2698 370 2760 Acin).
405 2701 458 2754 Sed,
471 2699 696 2764 quiahaeeuominis
708 2699 797 2762 proprii
829 2703 897 2752 munt
914 2700 992 2752 habet.
1025 2701 1064 2746 An
1077 2649 1119 2746 iic
1132 2714 1226 2762 quoque
1243 2701 1347 2748 cunnus

281 2763 433 2812 redundantia
446 2765 497 2825 jam
508 2765 597 2828 aliquot
612 2763 668 2810 locis
679 2765 798 2811 observata
830 2773 864 2814 est
874 2765 950 2828 glossa
960 2766 1011 2825 ejus
1020 2764 1102 2812 verbi?
1119 2763 1192 2811 Eun.

282 2828 421 2892 eet,=iueipio
435 2829 516 2885 vereri,
533 2843 562 2876 ne
575 2827 672 2875 Tacitus
689 2829 738 2888 ejus
755 2843 798 2874 au·
863 2831 924 2876 Nou·
942 2831 1035 2893 eadm]
1057 2828 1134 2875 Miror
1150 2843 1213 2890 ergo,
1231 2826 1348 2890 quomodo

281 2893 377 2940 ctorsit.
394 2893 467 2941 Euri.
501 2894 587 2940 Primo
594 2891 797 2954 habetcod.Agr.
830 2910 892 2952 vera,
909 2910 963 2957 quaez
984 2893 1060 2941 Graeci
1079 2891 1232 2949 tradiderunt,
1252 2892 1348 2940 Britan-

313 2960 342 3004 Is
353 2973 431 3018 pauor
446 2958 555 3021 emicuit]
574 2956 615 3002 An
632 2957 753 3002 eminuit?
774 2955 799 3002 id
829 2958 876 3007 nici
890 2973 973 3020 eorpus
986 2972 1061 3021 gypso
1073 2956 1149 3003 multo
1161 2956 1261 3009 oblitum
1272 2972 1287 3003 a
1297 2956 1348 3004 Ne-

282 3022 345 3068 enim
356 3023 493 3069 estverbum
502 3018 797 3082 propriumdeanimimo·
830 3037 886 3070 rone
901 3022 980 3076 luisse,
997 3037 1027 3069 ne
1042 3021 1102 3068 livor
1117 3029 1266 3084 apparerete
1277 3036 1348 3068 vene-

282 3085 418 3133 tibusvultu
429 3100 453 3132 se
463 3084 621 3146 prodentibus,
631 3085 737 3146 quamvis
745 3099 798 3146 pre-
830 3101 877 3143 no3
906 3085 946 3134 sed
962 3086 1067 3150 pluviam
1084 3095 1186 3132 coortam
1199 3085 1282 3132 eluisse
1304 3101 1349 3149 gy-

282 3156 383 3196 mantnt.
415 3149 448 3196 V.
468 3157 550 3210 prater
566 3147 622 3196 alios
640 3147 749 3197 Oudend.
767 3147 798 3195 ad
830 3167 908 3215 psum,
920 3150 978 3198 dnm
995 3150 1091 3198 cadaver
1107 3164 1149 3211 per
1157 3150 1233 3197 forum
1245 3150 1348 3206 effertur,

283 3214 346 3260 Suet.
359 3213 409 3260 Cal.
429 3213 466 3258 15.
500 3211 664 3260 Emiserevix
678 3212 799 3260 conveniat
829 3214 1138 3278 omniumqueoculisscelus
1146 3214 1275 3274 subjecisse.
1289 3215 1348 3270 Haec

282 3277 457 3325 contumelium
468 3277 583 3324 ettenori.
612 3276 798 3324 Eteonfundnn·
831 3281 932 3327 Zonaras
949 3280 987 3336 ll,
1001 3278 1038 3325 12'.
1054 3279 1104 3326 hac
1115 3277 1163 3326 Dio
1173 3279 1214 3337 61,
1227 3279 1249 3333 7.
1278 3279 1348 3332 Scite,

281 3350 320 3388 tur
336 3342 380 3390 ista
395 3343 464 3388 verba
480 3341 504 3386 in
519 3340 591 3388 libris.
625 3341 656 3386 In
667 3341 717 3388 loco
727 3341 798 3389 etium
831 3344 964 3408 sedparum
976 3359 1044 3391 vere:
1062 3351 1090 3390 ut
1100 3343 1178 3393 Taciti
1190 3343 1285 3406 quidem
1294 3357 1350 3390 nar·

283 3405 333 3453 Cic.
345 3421 382 3468 ap.
394 3403 495 3463 Quintil.
508 3406 533 3464 9,
545 3407 569 3464 2,
582 3404 624 3456 40.
634 3404 658 3450 iu
673 3405 799 3452 multiscst
830 3409 939 3456 ratioest.
974 3409 1038 3456 Num
1049 3407 1100 3455 haec
1110 3407 1190 3455 omnia
1199 3408 1289 3471 operire
1299 3417 1348 3455 uox

282 3470 402 3529 maudut,
415 3484 469 3518 cum
477 3483 515 3532 up.
523 3468 665 3517 Ciceronsit
675 3471 796 3516 eminebat.
829 3473 913 3535 potuit.
938 3472 1014 3525 Insa.
1047 3472 1109 3523 ltlox
1122 3479 1221 3536 paratu,
1240 3472 1303 3535 quod
1321 3471 1348 3519 in

283 3534 357 3582 Eun.
714 3538 716 3546 ’
832 3537 888 3584 MS.
908 3537 971 3584 Flor.
993 3537 1064 3585 habet
1081 3537 1151 3584 etiam
1168 3537 1205 3585 ed.
1222 3553 1258 3601 pr.
1279 3537 1347 3584 Idem

315 3599 359 3646 Ac'
369 3609 471 3646 sororem
487 3601 518 3646 B.
537 3595 579 3660 O.]
596 3596 744 3646 Houorline
758 3598 799 3646 de-
830 3601 960 3649 Rhenanus
977 3603 1002 3665 (e
1020 3601 1098 3660 Bud.)
1121 3601 1188 3649 edere
1204 3601 1287 3655 voluit,
1302 3600 1348 3662 *sed

282 3663 360 3710 dimus
376 3677 405 3710 ex
422 3663 458 3710 ed.
474 3677 508 3726 pr.
525 3676 668 3725 quamquam
682 3661 716 3710 ibi
726 3662 799 3710 omis-
829 3666 907 3728 merse
914 3680 960 3712 non
970 3674 1115 3741 paruerunt3
1126 3666 1205 3728 itaque
1215 3666 1239 3712 in
1248 3681 1346 3730 sequeu-

283 3743 336 3774 sum
346 3741 380 3773 ue.
389 3727 470 3790 Vulgo
480 3727 534 3773 inde
544 3741 558 3772 a
570 3724 660 3773 Puaot
678 3727 716 3773 Ae
727 3727 799 3774 Octu-
829 3729 892 3778 tibus
902 3740 988 3777 mansrt
998 3737 1124 3792 apparatu,
1136 3745 1211 3793 usque
1222 3730 1252 3778 ad
1263 3730 1347 3778 Piclre·

283 3794 356 3850 mam,
375 3805 421 3837 ror.
442 3794 490 3839 Br.
519 3789 592 3837 Illum
609 3788 713 3837 ordinem
730 3790 799 3839 meli-
829 3809 892 3841 narn.
925 3795 1006 3842 Etiam
1021 3810 1091 3858 supra
1106 3795 1151 3842 ista
1167 3797 1236 3843 verba
1251 3793 1346 3842 confusa
1427 3831 1441 3846 ,ι

281 3871 345 3903 orem
362 3871 418 3914 esse,
436 3856 538 3918 primurn
552 3867 593 3914 per
604 3869 636 3910 se,
652 3862 712 3910 tum,
729 3870 759 3903 ne
770 3870 798 3904 uc
828 3858 937 3914 uidimus.
952 3859 1026 3906 Eun.
1315 3889 1319 3894 ι

281 3919 363 3968 durius
379 3934 433 3966 cum
447 3919 519 3966 vocali
532 3927 659 3977 concurrat,
673 3917 740 3967 facile
755 3936 798 3984 ap-
861 3926 895 3970 Iu
913 3939 994 3988 cumpo
1016 3931 1094 3970 tumen
1114 3925 1207 3983 Martis
1228 3924 1344 3986 sepultus]

268 3993 356 4046 paret.
388 3983 484 4030 Itanon
497 3997 556 4044 opus
573 3983 703 4040 conjectura
713 3983 799 4032 Faerui
829 3987 886 4034 Non
897 3987 1179 4035 tamenibicombustusr
1196 3987 1347 4049 sedreliquiae

283 4054 357 4108 utque.
401 4047 520 4095 Broterius
541 4045 620 4093 mallet
639 4045 709 4094 deleri
731 4049 799 4096 Outu·
829 4051 880 4111 ejus
895 4053 919 4098 in
939 4066 998 4099 urna
1016 4051 1096 4110 illatae,
1115 4051 1245 4115 utopinor,
1262 4065 1346 4098 monu-

284 4113 354 4158 viuru.
371 4111 443 4160 Ean.
830 4124 910 4163 mento
920 4116 1032 4178 Augusti.
1044 4116 1122 4164 lura.
1141 4117 1272 4163 Murtisex
1280 4115 1351 4171 Illor.v

278 4191 280 4200 ⁴
322 4178 453 4223 Parricidii
479 4175 611 4237 eucnsplum
638 4177 798 4240 intelligebat]
830 4178 901 4227 edidit
911 4179 1028 4229 Pichena:
1047 4179 1125 4242 vulgo,
1138 4181 1240 4227 Martio.
1275 4179 1349 4228 Sicet

286 4237 363 4300 Scylla
370 4239 456 4288 ovidio
464 4239 524 4287 Met.
536 4241 561 4296 8,
570 4238 624 4288 116.
652 4241 721 4288 Cives
732 4241 800 4287 odere
830 4259 850 4291 c.
860 4244 904 4291 31.
918 4245 990 4292 Etru.

229 4311 236 4322 ·
285 4309 418 4362 merentem,
438 4305 557 4354 Ftutrtmt
578 4305 709 4368 exemplum
726 4311 804 4354 muru·
