3042 4950
264 261 301 315 ao
668 254 895 317 numenium
1139 262 1186 332 [Α.
1200 279 1231 319 u.
1252 264 1322 319 aor.

266 420 404 505 bamque
417 417 525 495 visere,
540 417 611 503 quis
624 416 676 482 ille
689 431 737 485 tot
747 442 913 569 perennes
925 443 1000 507 opes
1012 420 1132 484 ndstras
1146 421 1319 506 sprevisset.

209 546 213 555 ·
268 505 319 567 Ne
333 505 444 569 Romae
458 500 584 587 quidem
597 502 732 589 ignobile
775 506 907 570 aractaci
920 527 1033 569 nomen
1046 518 1130 569 erat:
1157 519 1188 569 et
1207 508 1322 582 cesar,

270 587 347 653 dum
370 610 461 653 suum
484 586 578 652 decus
602 588 733 667 extollit,
758 590 878 654 addidit
898 589 1028 676 gloriam
1048 590 1139 653 victo.
1183 589 1323 654 Vocatus

271 673 398 759 quippe,
413 684 450 735 nt
467 672 509 737 ad
526 670 647 757 insigne
666 674 885 760 spectaculum,
900 674 1045 761 poprdus.
1089 677 1206 738 Stetere
1225 674 1258 736 in
1272 696 1323 736 ar·

269 758 328 822 mis
346 758 504 823 Praetoriae
520 757 671 836 cohortes,
688 781 809 845 campo,
831 759 886 845 qui
907 771 1005 823 castra
1021 760 1174 845 praejacet.
1223 761 1324 835 Tum,

270 842 482 907 incedentibus
504 840 597 928 regiis
616 842 773 923 clientelis,
797 844 932 930 phalerae
952 857 1159 930 torquesque3
1191 862 1325 942 quaeque

270 928 405 991 externis
418 926 506 991 bellis
519 926 693 1012 quaesierat,
702 928 864 992 traducta:
887 950 961 991 mox
970 928 1091 1007 fratrea,
1103 941 1134 991 et
1143 949 1279 1015 conjunx
1292 940 1326 989 et

270 1012 350 1075 filia:
373 1025 529 1097 postremo
542 1011 608 1097 ipse
621 1024 800 1077 ostentatus.
845 1012 1027 1077 Ceterorum
1062 1036 1145 1077 reoes
1158 1012 1324 1098 degeneres

271 1096 370 1173 fuere,
391 1119 430 1159 ex
449 1108 551 1159 metu:
575 1110 607 1159 at
625 1119 688 1160 non
707 1098 904 1175 Caractaeus,
923 1113 979 1161 aut
996 1122 1015 1160 v
1051 1113 1087 1162 tu
1107 1096 1249 1174 demisso,
1268 1110 1324 1160 aut

271 1180 383 1259 verbis,
409 1180 645 1245 misericordiam
670 1180 836 1267 requirens.
882 1182 947 1246 Ubi
970 1181 1117 1246 tribunali
1138 1180 1267 1259 adstitit,
1291 1181 1325 1243 in

272 1266 357 1329 hunc
370 1265 500 1328 modum
512 1265 635 1330 locutus
648 1278 710 1331 est:
1309 1306 1312 1311 -

317 1348 512 1414 XXXVII.
524 1356 545 1389 “
556 1350 600 1428 Si,
610 1364 727 1438 quante
737 1351 882 1416 nobilitas
892 1365 923 1427 et
932 1351 1059 1415 fortuna
1066 1349 1142 1413 mihi
1156 1349 1227 1427 suit,
1239 1362 1328 1413 tante

270 1454 375 1499 rerum
385 1456 602 1521 prosperarum
616 1436 786 1500 moderatio
803 1436 923 1516 fuisset,
937 1435 1053 1500 amicus
1071 1434 1177 1521 potius
1194 1434 1229 1496 in
1245 1434 1327 1497 hanc

272 1521 394 1597 urbem,
408 1542 502 1607 quam
517 1534 637 1606 captus,
652 1521 820 1585 venissem:
842 1544 944 1619 neque
953 1520 1138 1606 dedignatus
1148 1541 1230 1582 esses
1236 1517 1326 1582 claris

273 1604 442 1691 majoribus
452 1619 564 1683 ortum,
579 1605 722 1691 pluribus
732 1606 877 1692 gentibus
890 1605 1126 1693 rmperitantem,
1141 1604 1259 1667 foedere
1272 1624 1327 1687 pa-

272 1689 316 1753 cis
340 1689 486 1775 uccipere.
529 1691 670 1755 Praesens
693 1714 758 1755 sors
782 1713 861 1767 mea,
883 1704 920 1755 ut
941 1690 1016 1755 mibi
1038 1688 1188 1765 informia,
1208 1688 1251 1750 sic
1268 1686 1326 1750 tibi

273 1773 436 1860 magnifice
454 1785 518 1837 est:
542 1774 639 1839 habui
657 1799 764 1861 equos,
778 1775 871 1853 viros,
885 1798 981 1853 arma,
995 1797 1086 1861 opes:
1109 1772 1187 1859 quid
1200 1772 1325 1848 mirum

205 1890 208 1899 ·
273 1859 379 1923 sihaec
393 1858 509 1922 invitus
522 1858 634 1923 amisi?
671 1862 753 1937 Non,
769 1860 794 1922 si
808 1882 863 1923 vos
875 1859 1017 1925 omnibus
1031 1858 1206 1943 imperitare
1219 1855 1326 1933 vultis,

239 2164 243 2171 ,
306 2111 519 2171 Ceatroproejocet]
538 2109 613 2156 Vatio
629 2113 719 2156 ceum.
752 2110 785 2155 Et
816 2106 1236 2170 m.ortm,p.g.tmpen‘tcmsoedere
1244 2118 1327 2167 pacm

274 2171 708 2236 statimlegoregliaclteatelie.L1rs.
737 2174 785 2221 Ca·
814 2175 925 2234 recipere.
942 2173 1013 2219 Eme.
1043 2169 1327 2218 PlanesicBud.al.m.

275 2240 331 2285 atria
341 2238 410 2285 etiarn
422 2236 459 2284 ed.
466 2250 502 2299 pr¹
514 2234 645 2298 Reliwea
657 2235 785 2283 Puteolano
816 2235 879 2283 unde
888 2252 909 2283 r.
918 2250 952 2282 m.
962 2236 1016 2283 fecit
1024 2237 1170 2296 imperitam.

275 2301 513 2349 indeomnesceetre.
547 2298 604 2346 Post
616 2299 720 2363 rescripsi
734 2306 785 2347 tum
850 2302 927 2358 Nem,
948 2301 970 2345 ei
991 2314 1038 2353 voa,
1057 2299 1161 2345 mundus
1178 2293 1327 2359 imper-itere]

276 2372 400 2428 protutor
418 2363 480 2426 quod
490 2362 655 2410 alienissimum
673 2378 722 2410 essa
736 2378 787 2411 om·
816 2364 885 2411 Falso
895 2378 948 2411 vero
961 2363 1006 2409 hoe
1022 2362 1134 2423 etinepte
1147 2359 1238 2408 dicium
1270 2358 1329 2412 Idne
1355 2364 1359 2368 '

276 2444 316 2478 nes
326 2426 413 2487 rident,
422 2436 445 2475 et
455 2426 505 2476 aliis
516 2441 608 2491 quoquc
618 2426 673 2474 locis
683 2441 725 2490 pro
736 2434 788 2476 tum
816 2441 963 2491 consequens,
975 2435 1010 2486 ut,
1021 2424 1131 2490 quicelit,
1141 2423 1205 2488 quod
1211 2423 1266 2470 velit
1275 2436 1329 2486 pos-

277 2493 397 2542 seribiturr
424 2498 479 2538 tace
493 2499 527 2540 est
542 2505 569 2538 eo
588 2499 704 2554 tempore3
728 2499 787 2550 tom,
817 2491 864 2540 sit?
897 2493 950 2552 Ego
971 2505 1009 2537 me
1033 2489 1151 2538 Britannis
1168 2488 1258 2550 Regem
1279 2501 1329 2534 esse

349 2555 474 2618 qualacto.
509 2555 594 2602 Secutu
616 2553 789 2602 estBroterius.
818 2556 882 2603 volox
899 2555 934 2601 illi
949 2553 1076 2616 accipient?
1108 2551 1216 2599 Emendo
1229 2550 1329 2612 priorem

276 2565 401 2668 liddeum
410 2617 604 2680 Lipsiumomnes
622 2620 789 2677 tumetceu-
818 2619 930 2672 vocnlsm
946 2625 970 2665 et
985 2633 1043 2664 raum
1057 2617 1124 2678 legm
1148 2615 1262 2688 etqneite
1274 2628 1330 2661 sen·

277 2699 323 2747 que
339 2683 371 2730 sic
388 2681 413 2728 in
431 2681 504 2729 Mss.
536 2683 649 2730 Clientclt
667 2690 789 2728 occurrunt
818 2682 914 2729 tentiam
930 2679 1106 2742 interrogatione
1129 2677 1223 2741 inspiro.
1265 2677 1329 2740 Ego,

277 2747 337 2795 infre
348 2747 371 2794 in
382 2745 446 2792 Dial.
457 2745 486 2792 de
497 2745 539 2792 Or.
548 2758 567 2791 c.
579 2745 619 2792 36.
652 2744 736 2808 Neque
746 2759 801 2806 ego'
818 2745 902 2807 inquit,
913 2744 978 2792 robis
985 2759 1024 2792 me
1033 2742 1144 2806 opposuit
1161 2740 1328 2804 quidmirum?

278 2810 408 2874 spreverim.
441 2809 487 2856 Per
497 2817 646 2863 contemtum,
661 2819 688 2856 ut
702 2807 731 2855 de
741 2808 790 2855 Re·
806 2808 861 2857 .An
876 2808 982 2871 quiores
997 2807 1106 2857 omnibus
1120 2805 1233 2867 impanare
1249 2804 1329 2862 nuuc,

277 2875 328 2936 guli
337 2872 427 2920 barbari
437 2873 565 2930 clientibus,
579 2871 720 2934 diciputem.
742 2871 790 2919 De·
819 2885 899 2919 ornnes
920 2871 999 2920 statim
1022 2869 1129 2933 imperari
1151 2869 1220 2916 etiem
1237 2868 1330 2916 velint?

278 2934 667 3049 dtttlffllt‘tttttd‘t
677 2935 791 3046 ‘illd'
820 2931 1349 3059 stettdttdtttdlft

279 3067 336 3113 dito.
353 3065 424 3112 Eas.
685 3015 702 3061 p
821 3061 1000 3125 Ryclrium,qui
1010 3060 1133 3108 adiditnon
1141 3060 1261 3117 eteius
1269 3060 1331 3120 Agr.

310 3131 351 3176 Ec
366 3134 445 3175 mdc:
462 3132 487 3174 et
500 3125 558 3192 rou]
575 3127 652 3174 Locus
664 3115 738 3190 ”prava
754 3126 790 3174 di·
820 3134 843 3173 et
856 3127 985 3186 conjecture
997 3123 1093 3178 Mureti,
1110 3123 1199 3170 (irotiiz
1218 3121 1281 3184 quod
1295 3129 1330 3169 est

279 3192 399 3240 minatione
416 3191 535 3239 laborabat
555 3191 581 3238 in
606 3191 714 3238 omnibus
737 3189 791 3238 edd.
819 3185 1332 3252 sanedegenmtgeneroaocuructadnnimo

280 3265 361 3319 praeter
375 3255 457 3319 ed.pr.
474 3269 526 3317 qum
536 3253 792 3318 habetpunctumpoat
821 3261 910 3316 aptum.
941 3248 1332 3312 Constantiamenimquandsmet

280 3323 409 3380 requirens,
431 3317 473 3366 ubi
494 3319 520 3364 in
541 3318 620 3366 ceteris
640 3328 674 3367 est
694 3332 792 3366 mmme.
821 3317 954 3364 firmitatem
970 3315 1043 3362 animi
1065 3314 1159 3372 indicet,
1180 3327 1252 3375 quam
1269 3325 1331 3367 unm,

280 3383 362 3447 Atque
378 3382 448 3430 etiam
467 3390 565 3444 pestere
581 3387 645 3428 metu
660 3382 726 3430 colon
744 3396 793 3428 esse
821 3379 1028 3440 etiaminsimplici
1036 3376 1232 3440 urgumematione
1284 3376 1332 3424 'be-

276 3442 386 3502 -debebet,
405 3459 452 3494 non
469 3453 590 3507 punctum.
623 3445 677 3492 Nisi
695 3459 749 3492 vero
768 3445 793 3490 τὸ
822 3444 868 3502 tul,
880 3452 907 3490 ut
916 3451 1003 3506 patcte
1019 3441 1091 3489 Cicer.
1104 3441 1165 3503 Top.
1176 3455 1195 3487 c.
1204 3440 1231 3488 3.
1263 3441 1332 3497 Non,

281 3524 328 3556 non
339 3508 532 3558 estallenolocoa
548 3511 584 3555 At
596 3510 804 3557 earaetecusnen·
822 3510 844 3554 εἰ
865 3509 935 3554 areeri
954 3507 1099 3566 ablegavit
1115 3518 1184 3551 omne
1198 3509 1331 3565 argentam,

282 3576 349 3620 vultu
360 3575 458 3621 densim
468 3578 510 3618 eut
523 3573 598 3618 verte
612 3587 646 3619 m.
662 3573 791 3632 requirens,
822 3572 883 3632 quod
893 3586 962 3617 mum
970 3577 1013 3628 eat,
1024 3571 1120 3628 ideirco,
1131 3583 1183 3628 puoe
1193 3569 1219 3614 iu
1229 3567 1332 3614 northi-

280 3638 373 3684 neree
391 3635 455 3698 quod
465 3649 520 3682 aene
535 3635 619 3682 melius
629 3641 696 3698 puto,
707 3634 792 3698 placet
822 3637 864 3681 tua
893 3635 1080 3694 uerunt,1egeto
1093 3639 1156 3690 aunt,
1173 3631 1333 3694 quenlocnnr

279 3699 445 3764 queBroterio.
461 3697 794 3761 Deniquqaieeeeteabee-
821 3707 856 3745 att
882 3697 1021 3761 ‘tRyckius
1048 3696 1134 3743 Noster
1145 3695 1235 3755 MA&
1264 3695 1333 3753 Nou,

280 3773 323 3824 set,
340 3777 408 3812 neno
424 3761 567 3810 desideraret.
595 3763 660 3810 Nam
674 3764 795 3823 degeneres
822 3757 1333 3823 qutequtemoemreaspeetmerereturstd

278 3825 542 3890 pernumerem.
574 3826 601 3874 Si
612 3826 793 3888 genuinumeat,
823 3827 977 3874 meandum
1009 3822 1151 3872 &nemum
1165 3821 1268 3894 servitiu
1283 3821 1335 3867 loeo
1356 3826 1363 3849 ⁴

282 3893 402 3954 degeneres
409 3906 450 3952 pr.
458 3897 512 3937 sunt
519 3889 618 3938 humiles
628 3889 705 3937 nimis.
721 3889 795 3936 Enii.
822 3899 878 3938 noto
888 3887 991 3938 Suetonii
1000 3888 1065 3950 Aug.
1074 3887 1114 3941 97.
1125 3895 1148 3932 et
1158 3885 1262 3933 Termui
1270 3885 1336 3930 Eun.

315 3957 430 4012 Pluribus
438 3955 547 4016 gentum
557 3953 740 4016 imperitantem]
758 3953 797 4000 Ite
826 3953 848 3999 1.
864 3956 886 4011 l,
897 3954 922 4000 4.
954 3955 1022 4010 Non,
1037 3953 1059 3997 si
1074 3950 1226 3998 metueret
1261 3947 1336 3994 Reae-
1412 3979 1420 3986 -

282 4035 296 4068 e
307 4020 370 4068 Flor.
386 4017 457 4066 edidit
467 4017 583 4065 Pichene:
601 4017 676 4064 nescio
686 4031 716 4064 an
727 4025 795 4077 recte,
824 4016 859 4081 pit
869 4016 993 4064 Broteriua.
1021 4015 1074 4076 Ego
1084 4013 1140 4076 quia
1149 4027 1207 4058 mem
1217 4011 1335 4074 resipuere

280 4099 336 4131 cum
352 4097 407 4130 mox
427 4081 511 4130 iterum
529 4083 666 4143 imperitare
686 4090 794 4128 recurrat.
824 4081 924 4142 vulgate
933 4093 989 4126 eam
999 4077 1105 4136 similius,
1116 4075 1160 4122 hoc
1169 4081 1261 4122 secutus
1273 4089 1335 4122 eum.

283 4148 329 4196 Sed
344 4147 387 4194 hoc
400 4147 460 4193 lave.
491 4144 538 4192 Ed.
554 4161 589 4207 pr.
601 4145 667 4207 Iaips.
679 4146 796 4206 imperare.
823 4143 870 4191 Sed
877 4152 954 4190 mmm
965 4151 988 4190 et
997 4155 1067 4204 supra
1076 4155 1134 4186 uum
1144 4146 1167 4185 et
1173 4153 1219 4184 nou
1225 4137 1335 4185 confundi

285 4217 337 4257 mm.
365 4211 453 4258 (letam
463 4216 547 4256 veteres
557 4220 637 4256 omnes
647 4210 796 4270 imperitam,
824 4206 933 4254 vidimus.
951 4209 1025 4268 Enii.
1056 4203 1138 4251 (litatis
1147 4201 1206 4250 adde
1217 4202 1250 4249 Η.
1261 4203 1286 4262 3,
1295 4204 1335 4248 20.

283 4273 363 4320 vitiose
379 4289 392 4320 e
411 4273 538 4320 Puteolano
556 4287 598 4334 pro
613 4273 794 4333 imperitantem.
825 4273 892 4330 Nou,
910 4273 933 4318 si
943 4274 1040 4332 parem
1053 4267 1156 4329 portes
1177 4265 1246 4315 Aeid.
1266 4266 1334 4314 etiam
1413 4313 1418 4326 ,

285 4335 315 4382 Id
325 4336 387 4382 unde
395 4344 472 4382 ortum
483 4336 520 4395 sit,
535 4335 602 4384 lectio
618 4335 699 4384 Guelf.
708 4335 796 4383 indica·
823 4351 890 4397 num,
898 4343 922 4382 et
932 4333 1006 4397 magis
1015 4347 1069 4391 ewa,
1079 4333 1167 4395 probet·

283 4398 333 4446 bit:
351 4413 396 4444 aon
408 4401 546 4462 dedignatus
557 4415 627 4448 essem
638 4398 750 4464 (passive)
767 4401 795 4445 cl.
