3042 4950
225 262 263 305 s.
278 266 304 305 c.
319 246 381 322 aa]
583 248 664 308 nm.
683 246 767 306 x1v.
789 244 876 306 cnr.
890 251 939 306 ar.
1233 248 1289 311 aas

224 402 344 489 obvios,
358 425 391 474 et
404 409 471 510 igni
483 430 540 474 suo
552 408 725 473 involvunt.
769 408 962 474 Praeu‘dium
970 408 1098 497 posthac
1116 411 1284 500 inpositum

224 494 323 573 victis,
337 495 493 581 excisique
506 494 580 572 luci,
595 492 685 557 saevis
697 492 967 579 superstitionibus
981 496 1076 561 sacri:
1092 518 1164 562 nam
1175 516 1284 562 cruore

222 592 259 644 c'a
282 580 346 644 tivo
359 579 481 643 adolere
494 602 562 643 aras
576 592 608 643 et
621 579 783 642 hominum
794 579 880 643 fibris
890 578 1048 644 consulere
1059 584 1155 659 Deos,
1169 584 1217 646 fas
1227 582 1282 649 ha·

216 664 262 727 be
302 677 346 761 pt.
371 666 452 729 Haec
462 666 566 751 agenti
577 664 735 743 Suetonio,
752 663 1085 751 “repentinadefectio
1097 666 1282 753 provinciae”

224 761 394 813 nuntiatur.

266 833 408 899 XXXI.
426 836 497 900 Rex
510 836 674 900 Icenorum
685 838 890 922 Prasutagus,
901 834 993 922 longa
1003 834 1162 923 opulentia
1169 832 1281 918 clarus,

224 917 379 983 Caesarem
400 919 567 999 haeredem,
587 921 729 1007 duasque
748 920 828 985 filias
848 921 1021 1007 scripserat,
1045 920 1099 986 tali
1121 922 1282 1011 obsequio,

221 1016 319 1082 ratus,
334 1027 529 1092 regnumque
542 1018 574 1069 et
587 1006 717 1069 domum
731 1028 819 1070 suam
835 1006 944 1091 procul
953 1005 1067 1103 injuria
1078 1006 1164 1073 fore:
1195 1008 1282 1095 quod

220 1102 329 1153 contra
349 1090 461 1168 vertit3
483 1091 572 1168 adeo,
594 1104 632 1153 ut
645 1111 778 1175 regnum
815 1112 848 1153 er
864 1094 1080 1171 Centunoues,
1097 1092 1209 1159 domus
1223 1117 1281 1181 per

221 1196 335 1252 servos,
351 1174 437 1238 velut
449 1188 541 1260 capta
555 1186 760 1238 vastarentur.
804 1194 855 1237 am
869 1174 1007 1261 primum
1019 1198 1100 1241 uxor
1108 1179 1185 1264 ejus,
1203 1180 1284 1245 Boa-

221 1258 319 1335 dicea,
335 1258 514 1322 verberibus
528 1258 661 1337 adfecta,
675 1272 708 1322 et
720 1257 794 1322 filiae
808 1272 917 1345 stupro
932 1258 1054 1324 violstoe
1069 1276 1151 1329 sunt.
1196 1266 1283 1329 Prae·

166 1353 171 1362 ¹
219 1342 303 1429 cipui
317 1342 436 1430 quique
451 1346 629 1421 Icenorum,
651 1342 741 1429 quasi
761 1356 905 1407 cunctam
926 1342 1083 1443 regionem
1098 1347 1219 1411 muneri
1232 1370 1282 1412 ac-

219 1426 381 1513 cepissent,
407 1427 498 1493 avitis
522 1428 612 1492 bonis
633 1441 805 1507 exuuntur,
831 1441 863 1491 et
885 1430 1054 1525 propinqui
1078 1430 1177 1517 Regis
1200 1431 1281 1498 inter

219 1513 320 1577 manci
342 1514 373 1576 ia
389 1513 593 1577 habebantur.
637 1513 712 1584 Qua
731 1512 928 1590 contumelia,
947 1527 979 1577 et
997 1527 1083 1579 metu
1101 1515 1281 1601 graviorum

220 1537 361 1683 (quando
378 1597 412 1661 iu
428 1597 562 1662 formam
578 1596 748 1685 provinciae
762 1598 927 1679 cesserant)
942 1598 1070 1685 rapiunt
1086 1622 1181 1679 arma,
1200 1624 1284 1666 com.

220 1683 312 1745 motis
332 1683 371 1746 ad
388 1682 621 1748 rebellationem
642 1680 900 1761 Trinobantibus,
920 1694 960 1759 et,
983 1684 1040 1769 qui
1064 1684 1117 1748 alii
1142 1686 1282 1751 nondum

220 1767 344 1831 servitio
367 1757 468 1849 fracti,
491 1789 647 1832 resumere
669 1766 844 1831 libertatem
867 1766 995 1831 occultis
1015 1768 1283 1856 conjurationibus

219 1850 423 1938 pepigerant3
445 1850 594 1928 acerrimo
608 1850 641 1917 in
656 1864 817 1938 veteranos
831 1850 922 1917 odio:
946 1852 1063 1941 quippe
1082 1854 1115 1918 in
1133 1854 1284 1922 coloniam

222 2086 226 2091 ’
255 2068 503 2131 Pmrldismpostltae
513 2066 737 2131 impotitsmvictis]
767 2067 813 2116 cito
830 2064 892 2115 iniis
913 2083 932 2116 r.
953 2067 993 2123 37.
1033 2070 1170 2127 Basiliam
1194 2070 1218 2117 in
1236 2071 1284 2119 sits

220 2130 395 2179 Rectinsoicir.
409 2175 413 2181 .
429 2132 468 2181 Sic
477 2132 586 2195 appellnt,
619 2132 736 2180 esembe-
767 2130 885 2194 Agricolrr
905 2133 942 2179 16.
963 2130 1072 2191 Voadlca,
1089 2135 1206 2197 scriptum.
1240 2130 1286 2191 Est

219 2195 277 2243 bant
297 2209 340 2257 pro
359 2204 428 2257 captu
449 2196 524 2257 gentis
546 2194 600 2259 op'
684 2197 736 2243 Vici
766 2195 898 2258 illaquam
939 2196 1282 2259 rplexeGildschoescmdo-

219 2258 355 2307 Marsorum
367 2260 391 2318 l,
401 2262 441 2307 50.
456 2258 527 2307 Adde
537 2274 591 2323 que
602 2258 736 2322 scripsimus
768 2260 840 2305 losum
849 2274 878 2322 sp
940 2269 1017 2321 tqnae
1027 2266 1127 2308 rectores
1136 2262 1181 2309 sili
1191 2263 1283 2310 relictos

220 2322 320 2371 Observ.
338 2321 360 2376 l,
377 2324 417 2369 20.
450 2323 543 2371 Gnosi.
582 2323 648 2370 Vicit
664 2322 737 2370 edidit
769 2323 904 2371 trucidavit.
936 2323 1012 2372 lires.
1044 2323 1106 2387 Ejus
1121 2336 1135 2373 e
1150 2322 1206 2373 MS.
1219 2324 1282 2373 Flos.

220 2385 298 2435 Rhen-
309 2385 418 2448 (eBud)
429 2385 736 2450 quodomnesimitatisunt
768 2385 856 2433 addidit
872 2386 981 2435 Pichena
1026 2388 1064 2435 Sic
1079 2376 1151 2439 et‘ed.
1173 2403 1209 2452 pr.
1228 2388 1284 2439 MS.

218 2464 293 2514 usque
308 2449 338 2498 ad
349 2449 483 2510 Pichenam,
500 2451 542 2516 qui
558 2448 638 2502 ens
651 2450 689 2507 ΡΙ.
701 2452 736 2512 (et
769 2448 847 2498 suns
864 2460 888 2499 et
902 2450 932 2499 al.
965 2451 995 2499 In
1011 2450 1093 2501 iisdem
1106 2452 1171 2502 libris
1185 2461 1219 2502 est
1232 2462 1285 2518 post

218 2513 293 2574 Vsu.)
314 2513 350 2562 ed.
373 2514 464 2562 Puteol.
487 2513 552 2563 dedit
572 2516 650 2574 uictb,
672 2513 736 2577 quod
768 2515 945 2573 rebellationem,
968 2514 1032 2579 quod
1051 2517 1150 2565 restituit
1174 2517 1285 2566 Pithena.

219 2578 289 2627 amm
301 2577 369 2632 MS.
391 2577 469 2629 fluat
491 2577 542 2626 edd.
561 2594 597 2643 pr.
617 2577 734 2637 Bmosldi,
769 2575 922 2625 Rebellionem
943 2587 979 2626 est
996 2579 1021 2626 in
1040 2579 1131 2628 duobus
1152 2579 1225 2628 Mss.
1244 2594 1284 2647 sp.

217 2641 273 2690 Alc.
283 2642 377 2701 hebent,
395 2640 526 2690 Gronovius
540 2651 605 2707 peter
618 2643 677 2688 vicis
687 2641 735 2687 edi·
768 2639 835 2688 Brot.
878 2639 986 2690 liabetur
1007 2642 1076 2690 etiam
1097 2643 1122 2690 in
1144 2641 1284 2706 quibusdam

217 2705 295 2755 derso
312 2705 622 2768 filiusetllyckiusoictls3
639 2704 736 2768 quedet
768 2701 840 2764 MSS.
856 2718 893 2768 sp.
906 2705 993 2765 lainll,
1007 2706 1045 2754 lt.
1076 2707 1122 2754 Sed
1138 2706 1202 2754 Livii
1218 2716 1285 2758 etate

218 2784 260 2818 nos
273 2769 412 2824 munimus
425 2779 519 2834 propter
530 2769 691 2818 sustentarem
705 2767 736 2815 li-
767 2780 813 2815 sox
824 2781 852 2815 sa
862 2783 908 2815 non
924 2768 1009 2817 usimts
1024 2769 1077 2828 luit,
1094 2779 1200 2834 recteque
1215 2787 1284 2836 repu.

218 2835 320 2893 brorum,
353 2832 423 2880 uibus
449 2832 585 2882 uetuerelii
600 2848 638 2896 sp.
653 2830 735 2879 Brote·
767 2829 1029 2882 distsestsDrslrenb
1056 2834 1216 2883 Biseoverbo
1226 2849 1283 2883 usus

217 2896 278 2946 rium
288 2849 406 2972 werdun}
434 2848 675 2972 qutemmserelocis
689 2895 735 2942 im·
766 2903 800 2942 est
811 2895 920 2943 Valerius
931 2895 969 2974 lll.
980 2897 1005 2953 7,
1015 2899 1039 2956 3,
1051 2899 1074 2946 9.
1085 2908 1132 2946 ext.
1155 2897 1227 2946 Eun.
1250 2899 1281 2947 In

217 2961 561 3084 imini‘ildiaipiliin
574 2958 735 3086 lim
766 2956 1282 3090 ill·.itliitr.t⁶ilfflslm¹ii

216 3087 652 3200 brennensem
681 3086 733 3134 ‘¹⁸‘
766 3085 1281 3218 &satsflitlurtlirrtin

251 3217 341 3264 Cruorr
352 3219 444 3278 captivo
454 3213 622 3280 slokrearar]
640 3213 733 3263 Deliae
766 3213 840 3276 lectio,
852 3215 1021 3282 servatosque
1055 3215 1129 3265 ers.
1162 3216 1201 3266 Sic
1209 3217 1282 3266 MSS.

217 3277 346 3339 Britannis,
364 3278 448 3337 Gallis,
468 3277 598 3336 Germanis,
614 3279 734 3340 communi
766 3277 830 3326 Flor.
843 3278 904 3342 Reg.
918 3278 953 3328 ed
986 3296 1005 3327 r.
1039 3279 1119 3328 Cicero
1134 3280 1190 3328 dicit
1197 3283 1281 3344 sbrius

215 3343 369 3402 immanitate,
385 3343 460 3391 dicam
474 3342 504 3391 sd
516 3341 621 3390 libellum
633 3341 671 3391 De
682 3357 732 3391 mo·
765 3340 798 3388 ad
807 3343 906 3403 aliquid.
938 3295 995 3393 Ml.
1006 3343 1066 3408 Agr.
1073 3345 1160 3408 fracti.
1193 3345 1279 3392 Puteo-

218 3407 282 3455 ribus
293 3407 431 3456 (remmia
464 3407 539 3455 Inrs.
764 3405 833 3453 lanus
849 3405 912 3454 dedit
929 3407 1063 3471 cremasti,
1080 3408 1143 3471 quod
1161 3417 1196 3456 est
1211 3417 1235 3456 et
1254 3409 1279 3456 in

256 3473 341 3533 Longa
370 3473 488 3534 opskstia
519 3469 609 3535 clarus]
642 3470 731 3527 Scribo,
765 3468 853 3532 (Buri.)
871 3469 949 3518 uum
967 3479 991 3519 et
1006 3471 1057 3520 aliis
1072 3472 1146 3520 tribus
1164 3487 1201 3535 sp.
1214 3472 1280 3520 Brot.

215 3537 293 3599 longe,
315 3545 344 3584 ut
358 3535 397 3595 sit,
417 3535 486 3598 longe
500 3545 583 3583 notum
597 3535 732 3598 clarumque
764 3543 788 3581 et
803 3549 883 3582 omnes
899 3533 971 3582 secuti
988 3542 1042 3582 sunt
1060 3535 1179 3598 usquead
1195 3535 1278 3584 riche-

214 3599 293 3660 fuisse,
315 3609 409 3664 propter
424 3614 486 3662 opes.
527 3599 591 3649 Iceni
609 3608 687 3647 sutem
706 3597 731 3646 in
762 3611 827 3644 nsm.
863 3597 922 3646 Sane
930 3599 1069 3661 ,maamad
1082 3599 1230 3660 aliquidem
1243 3613 1278 3647 re-

214 3662 279 3712 libn's
305 3662 402 3728 scriptis,
435 3664 522 3724 Tigeni
548 3672 609 3711 sunt
655 3663 732 3710 Inrs.
763 3660 836 3708 fertur
852 3661 929 3725 potius
944 3662 1133 3710 sd'natursm'et
1148 3663 1278 3726 ingenium,

214 3727 296 3775 neam
309 3728 335 3774 in
349 3727 385 3775 ed.
400 3742 435 3789 pr.
451 3728 503 3779 At
519 3736 599 3775 cetere
613 3741 687 3790 usque
701 3719 739 3773 ed.
762 3738 835 3787 quam
854 3725 884 3772 ad
901 3725 1098 3785 consuetudinem,
1113 3725 1144 3774 sd
1155 3742 1225 3790 quam
1240 3725 1279 3776 hic

215 3790 292 3839 Rheo.
313 3800 337 3839 et
360 3791 417 3839 MS.
440 3789 528 3854 (Bud.)
550 3790 631 3839 (lueis.
651 3792 730 3852 1Κωὶ.
762 3789 849 3850 referri,
866 3789 952 3837 indicat
967 3794 992 3839 τὸ
1007 3791 1128 3838 umidum.-
1145 3799 1187 3840 nec
1202 3799 1278 3854 poste-

215 3855 288 3903 Perro
309 3855 345 3904 ed.
362 3871 422 3967 ἔζη
435 3855 612 3918 Plrcruragus.
646 3854 731 3916 Longo
761 3853 827 3901 rioris
847 3852 936 3916 generis
956 3855 1090 3928 exemplum
1116 3855 1213 3902 memini
1239 3869 1277 3902 me

215 3920 273 3967 bene
294 3919 361 3968 desen
440 3917 554 3968 Gruterus
575 3927 598 3967 et
618 3913 729 3977 Pichena,
761 3917 866 3980 reperire.
902 3916 958 3980 Ipse
976 3917 1072 3966 'l'sertus
1088 3917 1208 3981 distinguit
1216 3927 1277 3966 'mox

214 3997 256 4046 pro
266 3984 390 4043 diutim
402 3983 505 4046 entique.
523 3983 561 4031 Sic
573 3981 626 4043 1‚a.
642 3982 731 4044 Augu·
753 3996 782 4043 „c
806 3981 845 4028 56.
859 3981 943 4044 snmus
959 3987 1054 4040 satura,
1072 3987 1094 4028 et
1113 3984 1276 4030 cousuetudine

215 4055 251 4094 sto
263 4048 332 4108 longo
341 4051 449 4110 potestis
462 4047 588 4096 tribuitis:
605 4047 676 4108 longa
690 4047 730 4093 ‹lc-
761 4047 884 4092 exercitas.
917 4044 994 4108 Igitur
1005 4052 1091 4104 vereor,
1108 4058 1231 4094 neverum
1246 4045 1276 4094 sit

215 4123 270 4156 cora
285 4108 345 4162 infre
361 4126 381 4159 c.
398 4112 437 4160 53.
471 4110 532 4167 Mox
547 4125 692 4172 regnantque
706 4116 730 4157 et
761 4111 961 4172 noeti,quosaepe
975 4113 1050 4156 noster
1067 4109 1148 4169 utitur,
1165 4121 1192 4157 ut
1205 4125 1276 4172 suprs

215 4175 310 4221 mom
320 4189 334 4221 e
344 4175 400 4224 MS.
410 4175 449 4222 ΡΙ.
461 4175 547 4236 (Bud)
561 4173 641 4222 Guelf.
657 4173 729 4237 etad.
761 4187 782 4220 c.
794 4173 834 4228 27.
847 4174 884 4236 vel
892 4173 979 4236 steni.
1012 4171 1083 4221 Enii.
1117 4171 1170 4222 Hoc
1184 4174 1272 4238 etlilip.

215 4253 251 4303 pr.
284 4237 355 4285 Eun.
387 4239 617 4300 BudPrarutngss.
759 4237 866 4300 probant,
885 4237 1128 4300 quumque'firmetur
1146 4237 1274 4302 codAgr.

247 4300 372 4364 Boodicia]
389 4302 468 4358 Dioni,
479 4303 600 4350 Bousirites
611 4311 660 4352 est:
679 4301 727 4350 Ta·
760 4300 838 4364 accepi
847 4301 897 4349 sine
907 4299 1056 4349 ltasitatione.
1212 4315 1224 4322 ··

260 4386 333 4429 VOI..
349 4385 386 4431 11.
1000 4383 1022 4430 Q
