3042 4950
215 205 261 261 ‘30
627 197 856 260 ANNALIUM
1106 206 1152 278 [ι.
1167 223 1197 262 υ.
1218 210 1286 264 800.

215 375 408 428 amaremur.
440 361 581 448 Insignis
590 377 693 426 tamen
707 363 860 450 triumphi
873 363 1003 428 indulsit
1013 365 1127 443 Caesar,
1142 370 1285 452 quarnvis

215 448 333 514 bellum
352 449 536 534 negavisset
579 449 647 512 Nec
668 448 769 514 multo
788 462 860 535 post
876 449 1005 514 Curtius
1019 452 1127 516 Rufus
1146 453 1282 516 eundem

214 534 364 599 honorem
385 532 574 619 adipiscitur,
590 533 646 618 qui
667 532 700 596 in
721 557 799 620 agro
818 534 970 598 Mattiaco
986 535 1153 600 recluserat
1171 561 1281 624 specus

213 619 391 769 puaemndis
404 619 490 682 venis
502 618 643 704 argenti3
667 618 751 682 unde
765 620 867 684 tenuis
880 620 1012 699 fructus,
1033 643 1090 684 nec
1103 623 1138 684 in
1150 620 1281 709 longum

229 719 295 768 urt:
318 717 351 768 at
364 703 539 790 legionibus
558 725 630 766 cum
644 703 759 768 damno
773 704 872 782 labor,
886 705 1020 770 effodere
1033 707 1128 785 rivos,
1142 731 1187 793 qu
1236 732 1277 773 ue

213 789 247 852 in
261 801 369 876 aperto
388 789 506 874 gravia,
526 790 659 852 humum
679 788 760 854 infra
778 790 898 856 moliri:
922 791 993 875 quis
1013 793 1161 856 subactus
1180 732 1278 872 rdiles,

213 886 244 938 et
266 875 341 960 quia
361 874 467 971 plures
485 897 541 960 per
556 873 733 971 provincias
752 875 864 940 similia
878 875 1099 955 tolerabantur,
1121 879 1284 964 componit

171 996 178 1001 -
212 959 483 1038 occultaslrtteras,
492 979 615 1024 nomme
626 959 829 1039 exercituum,
838 960 1031 1045 precantium
1043 965 1279 1048 Imperatorem,

214 1050 299 1193 “ilt’
320 1044 436 1158 quipus
463 1045 668 1131 permissurus
695 1059 774 1109 esset
798 1045 962 1124 exercitus,
985 1047 1186 1134 triumphalia
1207 1062 1279 1112 aute

214 1141 256 1192 tm
278 1143 375 1194 ueret.

255 1213 358 1280 XXI.
388 1214 441 1278 De
463 1214 581 1300 origiue
601 1213 703 1278 Curtii
718 1215 806 1292 Rufi,
828 1237 923 1299 quem
944 1215 1116 1302 gladiatore
1136 1219 1280 1304 genitum

214 1417 267 1468 edil.
275 1419 467 1482 veuitprcduait
479 1419 531 1467 Jec.
545 1419 676 1468 Gronovius
687 1435 729 1468 au·
761 1418 830 1468 domi
839 1420 866 1468 in
874 1420 1000 1478 Samma,
1010 1422 1032 1468 l.
1048 1420 1124 1469 ers.
1153 1421 1215 1469 Vrde
1225 1438 1278 1486 que

214 1483 730 1546 teenveldepugnatproproedasit,siccom·
762 1484 865 1532 diximus
885 1484 915 1532 de
936 1484 990 1532 Pec.
1013 1484 1068 1532 Vct.
1090 1487 1114 1545 4,
1133 1488 1158 1534 9.
1185 1487 1279 1535 Gnou·

213 1548 326 1611 pendium
337 1547 391 1596 MS.
408 1547 494 1594 riost
522 1547 548 1605 it,
560 1547 663 1612 idqueiu
679 1558 730 1596 tex-
762 1550 882 1596 Mattiaco
897 1549 973 1610 placet
990 1548 1113 1608 Rhenano,
1129 1549 1278 1614 defenditque

213 1622 266 1660 tum
276 1609 363 1674 recipit.
398 1612 428 1659 Iu
443 1563 555 1673 quoeielli
565 1612 641 1659 virum
652 1611 728 1660 claris-
762 1611 860 1660 Cluver„
867 1613 946 1659 Germ.
955 1612 1014 1658 Ant.
1025 1614 1050 1669 3,
1060 1614 1082 1668 7.
1099 1614 1156 1661 Νοιι
1164 1614 1188 1660 in
1198 1615 1278 1662 Africa

213 1676 300 1723 simum
336 1683 436 1722 utamus.
470 1675 576 1722 Verbum
593 1677 730 1736 praedacere
761 1675 894 1739 istagcstas
910 1676 1279 1742 quodec.2l.pstet,triumphi

213 1739 298 1788 dicitur
312 1739 317 1750 '
338 1738 371 1787 ud
378 1739 473 1802 quidem
479 1738 508 1785 de
519 1739 584 1786 fossis
592 1754 652 1801 sepe
661 1748 683 1786 et
690 1756 730 1803 ep.
762 1739 861 1802 insignia
871 1748 966 1786 nectum
981 1748 1043 1799 ante,
1055 1756 1127 1802 quam
1138 1741 1162 1787 in
1172 1742 1278 1790 Africam

211 1803 632 1865 noetmm14‚3a.ssdsempercum
643 1804 729 1858 vjmu·
762 1803 868 1850 venisset.
884 1804 958 1851 liare.
993 1803 1057 1851 Bud.
1074 1806 1215 1853 martineio.
1248 1807 1278 1854 In

211 1867 300 1926 niendi,
318 1867 343 1913 in
361 1867 447 1924 metris
466 1867 491 1912 in
510 1867 675 1926 obsidionibus,
693 1883 729 1914 ar-
761 1867 848 1914 Hassie
857 1867 947 1929 argenti
961 1866 1051 1917 fodru
1066 1876 1144 1916 extare
1154 1868 1276 1932 hodieque,

211 1929 279 1978 cecidi
289 1945 376 1989 muas,
384 1929 552 1978 intercludendi
562 1939 604 1979 etc.
617 1931 692 1990 factis,
702 1941 730 1980 ut
760 1938 850 1978 notum.

211 2002 277 2059 petet
284 2010 314 2042 ex
323 1995 431 2042 omuibus
441 1993 562 2054 exemplis,
573 2010 627 2055 que
637 1994 729 2054 collegit
794 1997 903 2052 Effudere
916 1996 992 2057 door]
1010 1993 1100 2044 Omnes
1110 1995 1182 2045 MSS.
1193 2006 1217 2046 ct
1225 1997 1277 2046 edd.

313 2057 430 2119 lipsium,
449 2071 520 2118 quem
538 2056 587 2118 ipse
603 2054 683 2102 laudat
699 2056 729 2104 de
760 2065 815 2119 ante
826 2056 933 2118 lipsium
947 2057 1033 2104 babent
1050 2067 1074 2105 et
1081 2061 1174 2120 fodere.
1209 2060 1277 2108 Ceto-¹

243 2121 268 2168 Ἰ.
282 2124 307 2178 d,
317 2123 341 2168 5.
353 2119 463 2168 Heinsius
476 2127 500 2166 et
518 2119 637 2166 Drakenb.
650 2119 680 2166 ad
691 2119 727 2168 Si·
760 2134 814 2166 rum
830 2119 914 2166 melius
930 2128 996 2182 puto,
1009 2122 1114 2183 intelligo
1127 2121 1207 2180 fossas,
1224 2125 1277 2185 qui·

210 2186 271 2236 lium
283 2185 323 2244 lo,
335 2185 389 2233 tlt.
406 2182 507 2245 aliique:
524 2183 586 2230 unde
600 2183 649 2244 ipse
665 2197 728 2230 com-
759 2184 804 2230 bus
814 2197 928 2244 aquarum
938 2183 1005 2231 rivie
1017 2185 1117 2232 metallis
1126 2185 1276 2235 deducantur.

597 2249 612 2276 ὓ,
637 2261 644 2274 0

209 2257 284 2361 delusit
292 2245 650 2372 dulilaliqeirisiimiriiibiibibeiis
661 2247 728 2375 ddi}
760 2245 962 2372 Enibiampwm
983 2321 1036 2360 ante
1058 2312 1102 2378 tn]
1132 2296 1225 2376 Nempe
1245 2329 1276 2362 ne

209 2391 257 2424 non
270 2375 334 2435 belli,
346 2373 481 2436 recipiendae
495 2373 668 2437 aquaefactum,
680 2389 727 2424 non
759 2374 938 2436 triumphalium
963 2377 1174 2440 consequendorum
1195 2394 1276 2426 caussa

179 2438 320 2490 ·arcen'de.
336 2440 408 2488 Enu.
435 2438 497 2487 Bud
505 2439 629 2501 producit.
758 2438 873 2487 militibus
883 2440 998 2489 molestias
1008 2450 1118 2500 meatem,
1129 2441 1209 2504 quales
1218 2442 1275 2491 Cor·

238 2506 291 2561 Qua
297 2507 387 2552 incerta
395 2505 482 2551 Oceani
489 2502 634 2567 vetarentur]
644 2503 726 2563 Recte,
759 2504 816 2551 bulo
826 2512 849 2551 et
859 2504 939 2551 Rufus
947 2515 1067 2554 meinent.
1083 2506 1155 2553 Ena.

209 2574 425 2617 connecterentur.
448 2566 726 2628 Diuiciuterpretatur,
791 2570 830 2614 De
849 2570 942 2627 origine
960 2571 1042 2617 Curtii
1063 2571 1133 2632 Rufi]
1159 2569 1212 2625 Est,
1234 2572 1275 2633 qui

209 2632 243 2678 isa
253 2634 284 2694 ill
297 2635 317 2677 el
324 2630 418 2691 ποταμοὶ
431 2631 449 2676 ἓν
461 2632 491 2697 τῇ
501 2636 539 2677 τοῦ
550 2632 643 2677 duranci
652 2640 731 2689 πλημι-
758 2631 822 2679 bunc
832 2641 922 2679 oenemt
935 2648 983 2680 esse
995 2633 1073 2692 illum,
1084 2634 1126 2696 qui
1138 2635 1274 2682 maneriam

208 2692 279 2759 puplii
299 2695 436 2757 ἂναρῤίιντις
454 2692 609 2758 rens-pidum.
635 2694 727 2769 ⁴Fuisse
759 2694 849 2757 scripsit
864 2710 941 2769 rerum
953 2697 1091 2755 Akxaudri,
1110 2712 1168 2760 pure
1184 2698 1275 2745 meher-

208 2758 727 2883 ΜΝ
758 2759 1274 2883 carminaretur

208 2886 367 2949 bioeemques
385 2886 484 2933 ubifere
497 2886 585 2949 ubique
598 2893 658 2933 mter
667 2886 726 2935 duos
758 2894 868 2934 testatum
892 2886 993 2950 reliquit,
1017 2902 1144 2950 cognomen
1169 2889 1191 2935 ei
1216 2890 1275 2941 Rufi

207 2950 291 2999 fluvios
313 2962 394 2997 xxm.
415 2949 550 2997 milliarium
571 2948 725 2999 intervallum.
758 2950 829 3000 tribui
850 2966 865 2997 e
882 2949 955 2998 libris.
990 2952 1099 3014 Pupiam
1119 2950 1197 3000 nmen
1219 2962 1274 3001 atas

167 3069 168 3072 Ἴ
207 3015 284 3077 Supra
294 3028 376 3077 agrum
387 3012 514 3072 Batavum,
528 3014 587 3061 inter
597 3012 692 3063 Mosam
703 3024 726 3063 et
757 3013 871 3072 videaur,
885 3014 998 3076 ιίςιιίἀοιιι
1013 3016 1045 3063 sd
1060 3016 1199 3078 Augustum
1214 3016 1274 3065 refe.

207 3078 284 3127 adbuc
294 3078 410 3140 integrum
425 3077 544 3137 Rbenunr,
557 3092 605 3125 esee
618 3091 666 3125 uon
682 3093 726 3139 po-
757 3078 829 3126 rende
838 3078 879 3125 illa
889 3088 968 3127 eunte
980 3080 1039 3128 libro
1048 3082 1099 3140 ejus
1109 3080 1148 3139 10,
1158 3083 1182 3128 9.
1210 3082 1274 3129 Pro-

207 3143 254 3190 teit
260 3160 268 3201 ς
283 3143 395 3207 quoniam
405 3141 453 3190 illic
463 3149 523 3189 oerte
533 3140 663 3203 menium
671 3142 724 3189 nul·
757 3142 812 3189 inde
815 3146 873 3205 jare
887 3145 1014 3204 aseritapae
1025 3145 1133 3205 Populus
1149 3146 1221 3192 limo.
1236 3160 1274 3192 sa·

206 3207 258 3255 lum
268 3210 299 3255 eb
306 3214 371 3255 mtu-
387 3206 533 3265 versemini,
544 3204 583 3253 cui
592 3205 639 3267 legi
649 3205 725 3268 placet
757 3206 830 3253 ntem
840 3222 864 3253 ec
874 3207 987 3269 Principi
1001 3222 1043 3253 suo
1053 3209 1132 3254 debere
1138 3211 1273 3268 premetur,

207 3274 348 3327 uiimeaiar,
361 3270 417 3333 (hoc
434 3284 512 3328 sensu,
523 3279 551 3318 ut
568 3269 653 3317 fossam
672 3284 725 3317 eem
757 3272 889 3328 erinaceis,
900 3286 1042 3332 peampoene
1049 3273 1273 3331 supremamiraoai-

206 3334 348 3446 ffiduxmit,
370 3348 418 3397 qua
436 3332 559 3407 commeari
573 3348 588 3379 a
606 3332 677 3405 llIosa
693 3332 725 3381 ed
756 3349 819 3392 mas,
829 3348 916 3381 novum
926 3336 992 3410 sidus
1006 3336 1094 3381 illarii.
1126 3335 1210 3397 Hujus
1219 3336 1274 3381 lter-

206 3396 725 3523 commaternitas

206 3526 285 3574 minus
295 3526 411 3583 Faetus,
423 3524 465 3587 qui
476 3524 586 3585 μετέωρος
600 3531 660 3571 certe
670 3524 730 3585 luit,
756 3526 872 3573 domata
895 3528 997 3573 namma
1017 3528 1169 3588 trepidarent
1212 3530 1274 3585 Quot

206 3604 261 3638 erm
272 3590 367 3637 Mosam
381 3588 419 3635 hic
433 3602 487 3635 cum
499 3587 601 3635 Mosella
610 3587 722 3648 confudit,
756 3590 795 3637 ille
808 3596 860 3637 iem
872 3593 987 3638 amara
995 3592 1085 3653 faces?
1106 3599 1160 3652 quot
1171 3594 1273 3641 condidit

206 3659 230 3703 ei
247 3669 275 3701 ea
293 3652 383 3715 scripsit
401 3666 454 3715 que
472 3650 562 3699 rideant
578 3652 724 3701 Batavorum
752 3654 867 3714 gladios?
892 3661 1004 3715 quantam
1021 3662 1178 3717 tempestatem
1197 3657 1272 3703 subita
1290 3663 1292 3673 '

204 3718 279 3780 pueri.
302 3718 377 3766 Ieme.
417 3716 490 3765 Recte
510 3714 612 3777 Iripeiue.
655 3718 723 3765 Veia-
755 3720 878 3764 emendate
894 3719 1023 3765 discurrit?
1040 3721 1101 3767 Non
1115 3722 1272 3781 ergorenire-¹

205 3788 290 3830 mar
316 3789 350 3829 est
375 3788 516 3855 arcerentur,
538 3779 721 3843 prohibueritis,
755 3784 801 3829 scit
814 3784 899 3841 solam,
912 3784 1037 3860 sedetiam
1044 3785 1121 3847 floret
1137 3787 1271 3846 imperium.

205 3845 485 3968 offitii?
500 3844 723 3957 nestit
754 3847 1272 3973 armenam&

205 3973 279 4024 uss.
317 3974 380 4023 Flor.
398 3973 459 4037 Agr.
475 3972 539 4037 Bud.
556 3980 600 4021 etc.
617 3978 723 4023 vetaren-
750 3981 874 4037 perpetue,
903 3981 964 4022 certe
993 3977 1108 4022 daturae
1133 3976 1270 4035 petoritu.

206 4044 254 4085 tur.
755 4038 1016 4086 Sednonmntsuec
1037 4036 1272 4101 quidquemhicde

208 4134 209 4137 =
239 4104 326 4159 Quttn
339 4104 411 4166 agro]
429 4100 537 4151 Muretsu
548 4102 639 4151 volebat
647 4104 722 4163 qaia:
754 4102 828 4151 sidere
841 4102 918 4162 Julio,
939 4110 967 4149 ut
987 4110 1112 4164 nugantur.
1158 4101 1272 4152 Rcfutent
1332 4127 1336 4135 ·

205 4164 357 4215 minusbene.
754 4167 887 4230 equandus
905 4166 1016 4232 quoniam
1028 4165 1153 4227 Augustus
1170 4180 1224 4214 cum
1240 4167 1272 4215 ed

238 4232 271 4277 In
287 4246 347 4293 agra
363 4230 493 4293 Mattiaco]
511 4231 649 4295 Suspecurm
665 4246 721 4292 eme,
754 4231 878 4295 imperium
889 4231 960 4288 venit,
971 4245 1017 4279 non
1034 4230 1145 4279 ersfinxit
1156 4230 1272 4279 bellomm

205 4302 229 4343 et
239 4294 317 4357 potius
328 4296 446 4355 Marciaco,
463 4294 500 4343 vel
515 4297 634 4357 Mazpaco
644 4296 722 4359 legen·
754 4294 974 4359 fsoee,nongledios
983 4293 1100 4351 condidit3
1111 4294 1270 4353 redaccendit,

204 4360 263 4407 dum
279 4354 352 4408 videri
373 4360 426 4422 (qui
441 4361 528 4423 ,populi
548 4360 635 4413 Africa
657 4360 722 4425 arnt)
755 4359 842 4413 eduxit
877 4359 1154 4412 Refutetetillelocuse
1169 4361 1227 4421 it.
1242 4358 1273 4409 de
