3042 4950
236 228 269 293 t.
283 247 310 289 e.
324 228 387 304 su]
595 226 681 288 nra-,1
696 226 782 284 xm.
803 200 893 286 carl
908 229 958 284 ee.
1247 221 1301 283 153

240 393 321 458 mori
344 390 473 455 adactus
499 401 554 455 est.
606 390 695 453 Nero
719 386 839 465 autem,
864 384 1050 449 metuentior
1073 386 1106 449 in
1127 397 1301 486 posterum,

242 477 354 541 milites
368 476 426 539 sibi
440 489 471 539 et
484 474 648 561 plerosque
665 471 851 559 gladiatores
865 470 1078 549 circumdedit,
1093 495 1149 557 qm
1162 471 1302 536 rixarum

241 562 329 625 initia
349 558 471 624 modica
495 570 527 624 et
549 558 638 645 quasi
659 559 782 645 privata
803 556 956 629 sinerent3
983 554 1008 617 si
1029 577 1048 619 a
1069 555 1148 619 laesis
1168 556 1302 620 validius

242 656 396 732 ageretur,
412 668 497 709 arma
510 645 670 709 inferrent.
694 642 865 707 Ludicram
879 662 1005 727 quoque
1018 638 1174 703 licentiam
1188 655 1219 704 et
1232 642 1302 705 fau-

242 746 324 795 tores
337 728 525 793 histrionum
538 728 671 793 velutin
690 726 799 814 proelia
813 725 964 791 convertit
982 722 1158 809 inpunitate
1171 738 1203 790 et
1221 748 1301 811 prae-

242 815 321 893 miis,
342 828 436 963 atque
455 816 522 901 ipse
542 813 682 879 occultus
704 825 735 876 et
753 813 939 899 plerumque
956 831 1060 873 coram
1081 809 1300 896 prospectans3

244 902 352 978 donec,
388 901 502 963 1scordi
516 898 645 987 populo,
661 913 693 963 et
711 896 861 984 gravioris
874 909 979 959 motus
991 908 1118 974 terrore,
1133 917 1197 957 non
1215 894 1303 958 aliud

244 985 414 1049 remedium
426 998 584 1071 repertum
595 995 652 1063 est,
664 1006 760 1070 quam
775 995 812 1046 ut
825 980 987 1045 histriones
998 978 1092 1045 Italia
1102 978 1300 1065 pellerentur,
1318 1019 1324 1031 ·

245 1070 317 1133 mile
355 1093 394 1134 ue
408 1070 529 1135 theatro
543 1090 669 1133 rursum
684 1067 846 1132 adsideret.

289 1092 420 1219 ΧςὲἮ.
443 1154 603 1218 Paridem
617 1167 740 1238 tempus
755 1165 859 1216 adum
873 1151 907 1214 in
918 1150 1036 1216 Senatu
1053 1151 1126 1215 “de
1139 1148 1304 1215 fraudibus

245 1240 458 1317 libertorum,''
469 1238 736 1325 efflagitatumque
752 1244 772 1275 “
782 1249 819 1301 ut
832 1235 980 1300 adversus
990 1234 1071 1297 male
1084 1234 1209 1299 meritos
1219 1258 1307 1313 revo-

246 1323 353 1387 candae
377 1322 528 1391 libertatis
552 1324 606 1410 jus
654 1322 770 1387 atronis
794 1321 949 1386 daretur.”
993 1318 1063 1382 Nec
1085 1318 1223 1395 deerant,
1249 1320 1306 1405 qui

246 1422 413 1472 censerent.
446 1408 508 1473 Sed
523 1346 684 1487 Consulis,
699 1407 878 1473 relationem
892 1405 1027 1490 incipere
1040 1425 1104 1465 non
1117 1402 1184 1467 ausi
1198 1402 1307 1488 ignaro

248 1494 403 1580 Principe,
425 1494 628 1581 perscripsere
646 1508 750 1557 tamen
766 1513 949 1557 consensum
971 1490 1123 1555 Senatus:
1148 1495 1170 1526 “
1185 1488 1236 1552 ille
1252 1512 1308 1552 au-

248 1696 320 1744 quem
330 1682 355 1728 in
365 1681 403 1729 his
412 1680 477 1728 libris
491 1690 581 1729 secutus
592 1688 633 1729 est.
666 1680 764 1727 Tacitus
795 1678 913 1727 laboribus
923 1676 987 1725 nent
1017 1678 1055 1729 Sic
1065 1678 1184 1727 tuentum
1195 1676 1324 1723 ludicram-

250 1743 764 1873 stttltttlllttt?etlillllltl·
795 1737 1312 1855 §litttlsstltltttaltffltllt

250 1879 338 1920 rereut.
371 1871 436 1919 Nero
453 1874 541 1921 serebat
557 1871 698 1929 certamina;
720 1870 766 1919 mi·
799 1870 837 1918 cf.
858 1870 939 1930 1‚77.
958 1878 981 1916 et
998 1885 1056 1919 mox
1072 1886 1092 1919 c.
1109 1870 1149 1915 28.
1180 1868 1311 1917 Histriones

251 1938 303 1985 lites
320 1935 394 1983 resisti
411 1935 515 1983 sinebant
534 1936 630 1983 modice
664 1935 711 1983 Sed
729 1938 766 1981 iu·
798 1942 853 1982 sunt
863 1934 1002 1998 pantomimi
1013 1935 1076 1998 deq.
1090 1934 1129 1992 14,
1141 1932 1180 1979 21.

245 2005 341 2069 firreut
353 2016 367 2047 a
378 1999 468 2047 Puteal.
480 2000 587 2047 Beroald.
599 2000 653 2047 Alc
667 1998 767 2057 editum,
831 2000 867 2046 Et
882 1998 1005 2058 perimis
1023 2006 1100 2045 motus
1116 1993 1215 2055 terrore]
1233 1993 1311 2042 Rhen.

252 2064 381 2115 aPichena
394 2066 417 2116 (e
427 2063 500 2121 Van.)
511 2064 642 2111 restitutum
658 2070 699 2121 est,
712 2076 766 2108 cum
801 2063 826 2125 (e
843 2061 916 2119 Bne.)
937 2075 967 2107 ea
985 2064 1106 2121 graviom
1127 2066 1203 2107 motus
1224 2064 1328 2108 umore

253 2128 381 2179 Rhenanus
393 2126 447 2173 dum
462 2127 608 2188 sequacibus,
619 2126 691 2186 aldo,
703 2125 768 2188 Gry·
800 2125 879 2181 edidit,
891 2139 945 2172 cum
956 2125 1100 2187 sequacibus.
1116 2124 1155 2172 Sic
1166 2120 1245 2170 Guelf.
1262 2122 1313 2168 Pu-

253 2192 318 2258 phio,
335 2190 416 2251 lipsio
430 2190 559 2251 inserebant
575 2189 687 2243 edidisset,
705 2189 770 2252 quod
800 2189 858 2237 tavit
864 2188 1056 2249 discordipopulo
1063 2204 1112 2236 csse
1118 2187 1238 2235 dativume
1250 2184 1314 2249 quod

255 2266 290 2305 est
299 2256 324 2303 in
338 2252 417 2301 Guelf.
451 2252 535 2312 Credo,
550 2254 575 2300 in
588 2252 641 2301 MS.
659 2252 769 2301 Rhenani
800 2252 895 2307 siesset,
904 2251 1100 2301 mallemterrori.
1115 2248 1329 2299 MoxGroslotius.

255 2321 325 2369 fuisse
337 2318 472 2363 inserebant.
490 2316 555 2364 Nam
566 2317 598 2365 sic
607 2326 640 2365 est
650 2318 674 2364 in
686 2317 720 2364 cd.
730 2332 767 2379 pr.
800 2317 892 2365 solebat
902 2318 1011 2363 milesne:
1031 2332 1073 2364 eur
1083 2316 1145 2364 enim
1153 2314 1239 2362 milites
1251 2313 1315 2360 thea-

256 2383 320 2448 quod
333 2380 459 2443 elegmtius
473 2380 546 2427 videri
560 2388 641 2443 potest,
656 2396 727 2443 quam
742 2390 770 2429 ut
802 2390 838 2427 tro
852 2379 959 2437 assidere,
978 2380 998 2427 si
1013 2380 1134 2429 hisuiones
1149 2379 1220 2427 Italia
1234 2376 1315 2440 pulsi?

256 2451 286 2498 sit
296 2444 530 2495 vitiumlibrariorum
538 2453 713 2508 autoperarum.
730 2444 771 2492 Ita
802 2444 893 2493 Verum
902 2443 1000 2492 vitetur.
1026 2444 1099 2494 Eure.

256 2527 335 2560 sensus
345 2509 418 2556 foret:
430 2523 477 2556 non
484 2523 532 2555 uno
539 2509 628 2571 impetu
636 2509 770 2556 adorieban-
836 2509 980 2556 Revocaodae
997 2511 1110 2557 tuturis
1118 2511 1174 2572 jus]
1188 2508 1245 2555 Non
1261 2523 1316 2570 ergo

257 2586 296 2624 tur
306 2573 434 2631 resistentes
445 2571 543 2631 Neroni,
555 2572 595 2620 sed
610 2573 732 2634 paullatim
745 2587 770 2620 se
803 2581 881 2620 ratum
898 2571 992 2619 Claudii
1005 2572 1127 2634 judicium,
1142 2572 1184 2635 qui
1199 2574 1315 2632 ingratas,

256 2639 417 2687 immiscebant
433 2635 559 2684 certamini.
593 2635 677 2699 Neque
693 2649 770 2682 necas-
803 2643 826 2684 et
836 2637 865 2682 de
875 2637 957 2698 quibus
967 2639 1067 2697 patroni
1079 2644 1239 2698 quererentur,
1250 2650 1316 2683 revo-

257 2703 344 2751 sarinm
366 2709 408 2759 est,
431 2699 604 2760 conjunctivum
626 2714 682 2757 esse,
699 2714 771 2762 quern
803 2702 904 2748 sevitia
921 2703 1076 2748 seruitutem:
1095 2701 1190 2749 Sueton.
1208 2704 1247 2748 25.
1283 2700 1316 2748 In

277 2776 316 2814 uta
326 2765 458 2812 correctioni
472 2763 595 2812 Puteolani
608 2761 691 2811 deberi.
725 2761 772 2810 Sed
803 2779 852 2827 quo
865 2763 977 2811 Claudius
989 2764 1123 2828 exanplum
1138 2764 1319 2812 Atheniensium

258 2785 314 2878 huic
332 2829 365 2876 rei
384 2830 449 2877 obest
466 2829 494 2874 si.
527 2827 592 2876 Nam
611 2842 665 2873 cum
684 2827 708 2874 in
728 2827 773 2874 hac
804 2836 896 2876 secutus
912 2828 984 2875 videri
1005 2838 1087 2891 potest,
1106 2829 1170 2890 apud
1188 2843 1247 2891 quos
1265 2843 1319 2874 coa·

258 2894 355 2942 lectione
362 2900 385 2940 et
392 2891 504 2940 sententia
511 2907 558 2940 esse
567 2891 642 2950 debet,
650 2890 775 2954 utopinor.
805 2894 881 2940 vetus
891 2907 906 2937 a
915 2899 1016 2953 patrono
1030 2895 1126 2939 libertus
1140 2895 1251 2953 ingratus
1259 2895 1319 2954 jesre

259 2959 331 3006 Ean.
349 2956 413 3004 Bud.
422 2955 697 3018 clarehabetiuferebaut.
710 2955 774 3002 Con·
806 2957 919 3004 libertatis
934 2958 1038 3012 exuitur,
1050 2957 1083 3003 ait
1092 2957 1201 3005 Valerius
1216 2962 1238 3011 2,
1255 2958 1280 3016 6,
1295 2957 1331 3004 6..

262 3031 298 3069 tra
317 3022 446 3068 inserebant
467 3019 516 3066 cod.
534 3020 593 3082 Agr.
614 3018 678 3080 quod
698 3019 774 3082 placet
805 3028 829 3068 et
843 3020 962 3068 Plutarch.
977 3018 1104 3068 inSolone.
1133 3018 1319 3082 Judicavitergo

261 3085 368 3143 Heinsio,
380 3085 421 3146 qui
435 3083 522 3131 confert
537 3087 561 3141 ὃ,
573 3087 597 3132 4.
609 3081 643 3129 H.
656 3083 679 3144 l,
694 3083 733 3130 23.
749 3085 773 3139 2,
805 3083 901 3147 quidem
914 3084 947 3131 ita
958 3083 1078 3145 Claudius,
1094 3084 1132 3132 sed
1150 3084 1175 3131 in
1190 3083 1280 3146 legibus
1296 3093 1320 3131 et

261 3149 301 3196 61.
311 3149 360 3195 Vit.
371 3147 432 3210 Agr.
445 3148 482 3195 lo.
493 3148 523 3196 de
533 3145 600 3194 Orat.
613 3148 650 3194 10.
806 3163 870 3196 more
879 3149 988 3197 Romano
1003 3148 1067 3195 aliud
1077 3147 1130 3208 fuit,
1141 3148 1177 3196 uti
1191 3147 1319 3196 audiemus.

294 3215 409 3264 Fautores
425 3212 579 3274 histrionum]
597 3209 666 3274 Legit
672 3211 775 3276 jiuoru
807 3212 884 3260 lars.
913 3211 1019 3260 Sicmihi
1030 3226 1122 3275 quoque
1132 3212 1222 3276 placem
1232 3212 1321 3261 ostendi

262 3275 391 3325 Acidalius.
404 3276 483 3323 Immo
490 3276 604 3337 eleganter
610 3275 706 3324 Tacitus
712 3275 776 3322 idem
806 3276 837 3323 ad
856 3277 949 3325 Sueten.
965 3276 982 3322 1.
1001 3291 1021 3323 c.
1053 3279 1169 3324 Patronis
1185 3278 1250 3323 abed
1267 3275 1322 3324 MS.

262 3343 359 3389 verbum
374 3340 464 3388 duabus
478 3340 547 3386 rebus
558 3339 647 3386 diversa
661 3339 776 3402 significo.-
806 3349 889 3404 reg.et
900 3341 935 3388 ed.
946 3357 982 3404 pr·
1006 3341 1078 3388 Ean.
1110 3339 1149 3388 De
1160 3339 1253 3388 Claudii
1267 3355 1322 3388 oon·

262 3405 324 3452 tione
335 3403 446 3451 attribuit.
474 3403 530 3462 Quo
539 3403 565 3450 in
576 3418 658 3466 genere
668 3403 776 3466 frequen·
807 3403 925 3453 stitutione
946 3420 969 3452 v.
984 3403 1001 3450 l.
1019 3406 1043 3450 5.
1060 3404 1093 3450 D.
1111 3403 1141 3451 de
1159 3405 1213 3463 jure
1230 3412 1321 3467 patron.

263 3469 365 3517 tissimm
378 3467 484 3521 Ovidius,
496 3481 571 3530 neque
585 3467 718 3530 infrequens
734 3481 777 3514 no-
809 3467 883 3530 Apud
898 3469 963 3515 Plus
973 3469 990 3514 1.
1001 3484 1021 3516 c.
1035 3482 1065 3516 ne
1079 3468 1118 3530 γρῦ
1131 3467 1235 3531 quidem,
1246 3469 1287 3516 sed
1299 3485 1322 3517 v.

264 3542 315 3582 ster.
353 3533 462 3579 Licentia
479 3533 569 3578 ludicra
582 3533 608 3577 ta
621 3533 708 3593 pratia
725 3545 778 3578 cora
809 3533 880 3580 Petiti
896 3532 950 3580 LL.
968 3531 1022 3580 au
1036 3548 1060 3596 p.
1080 3534 1134 3581 181.
1151 3531 1181 3579 de
1201 3540 1245 3580 act.
1267 3533 1321 3582 ἁπο-

264 3599 326 3644 oertt
336 3604 395 3644 recte
406 3594 504 3642 diciturs
519 3595 598 3658 paullo
609 3595 726 3652 audacius,
736 3609 779 3642 nec
812 3599 911 3645 erardo.

264 3661 342 3709 minus
364 3666 424 3708 recte
438 3659 548 3721 fautores
569 3660 729 3706 histrionum:
751 3668 780 3706 ut
840 3661 985 3709 Relationem
993 3658 1322 3726 luctpueumauussNempe

265 3741 346 3772 rerem
360 3724 517 3786 insererem,
533 3737 612 3770 versus
627 3724 779 3786 iapoeutteu·
810 3722 995 3787 intelligendum,
1013 3739 1049 3783 ea,
1068 3725 1098 3773 de
1118 3726 1204 3788 quibus
1224 3725 1323 3785 dietum,

265 3791 341 3838 tiam.-
359 3791 384 3836 iu
395 3788 581 3834 mirericordiam
591 3787 708 3850 naufraga·
717 3789 780 3834 versi
810 3787 900 3852 prolata
913 3804 955 3850 per
968 3788 1119 3851 egressionem
1135 3789 1257 3848 relationis,
1273 3798 1297 3837 et
1309 3805 1325 3836 a

264 3853 368 3912 diutino,
385 3859 463 3899 nostro
483 3852 639 3898 diuturnitate
655 3853 681 3898 in
698 3866 780 3913 eaper-
812 3851 878 3900 Coss.
891 3853 1042 3916 postulatum,
1058 3861 1086 3900 ut
1097 3852 1127 3902 dc
1138 3868 1166 3900 ea
1179 3869 1204 3900 re
1216 3853 1326 3900 referrent

267 3919 328 3964 diam
344 3922 444 3963 mutans.
478 3914 614 3974 Quinetiam
630 3913 670 3978 (de
689 3915 780 3974 eadelm
811 3916 842 3964 ad
852 3917 980 3965 Senatum:
997 3917 1061 3980 quod
1074 3917 1193 3966 illifaoere
1204 3916 1325 3964 dubitave-

267 3981 312 4028 alio
322 3980 400 4040 modo,
412 3978 590 4027 utinformnlis
600 3978 660 4039 erat)
671 3979 780 4027 verbisin
811 3989 872 4028 rant.
903 3982 1050 4029 Relationem
1060 3983 1164 4044 incipere
1174 3981 1325 4040 atedams,

267 4043 324 4105 istis,
336 4045 453 4094 licentiam
465 4044 581 4090 ludicram
592 4048 615 4089 et
624 4044 734 4107 fautores
744 4044 789 4094 lti-⁴
813 4049 838 4094 t.
848 4045 881 4094 V.
892 4045 916 4091 in
930 4061 964 4108 pr.
983 4045 1057 4093 Gron.
1074 4045 1133 4094 Oba.
1149 4047 1170 4101 1,
1182 4049 1222 4093 22.
1237 4059 1280 4093 nos
1293 4044 1325 4094 ad

268 4109 383 4155 stefanum
392 4107 572 4172 potcstintelligi
631 4123 665 4168 ra,
676 4122 748 4171 quam
759 4107 782 4153 ts
814 4109 878 4157 Suet
895 4107 985 4157 Ges.c.
997 4115 1037 4158 2⁰.
1068 4109 1140 4158 Eur.
1394 4103 1397 4106 ’

271 4169 304 4214 διὰ
315 4171 364 4218 δυοῖν
375 4182 473 4221 vocante
485 4171 586 4234 utapud
615 4173 783 4232 ostiumst.
845 4175 1010 4235 Perscrt'peere
1022 4181 1100 4221 temere
1110 4187 1244 4220 cmucruum
1254 4175 1327 4222 Sena-

271 4233 344 4280 Lauoe
361 4249 416 4281 ursa
432 4251 458 4283 ac
476 4239 584 4296 cesamo,
600 4236 664 4298 quod
683 4244 725 4294 est,
744 4251 783 4283 ve·
814 4244 869 4285 tue:
881 4239 920 4285 ille
930 4240 1025 4302 auom]
1038 4237 1099 4285 Puto
1106 4237 1151 4302 leg.
1162 4236 1326 4300 interpungen-

267 4297 493 4358 stiumelanausus,
501 4301 615 4348 ubuum
625 4307 649 4350 st
660 4301 730 4358 bellis,
741 4313 784 4363 pro
814 4301 925 4366 dumque,
933 4305 1092 4365 perscripsere
1102 4308 1179 4350 temer
1192 4315 1326 4349 messum
