3042 4950
190 231 196 240 .
253 192 432 275 necat
614 190 1018 259 namucensem.
1264 194 1320 278 ms

253 350 432 439 Tigellinus
450 353 484 416 in
502 354 607 417 animo
623 353 786 439 Principis,
806 366 837 416 et
855 353 976 417 intimis
990 352 1171 418 libidinibus
1190 352 1315 417 adsum-

251 447 346 520 ptus:
369 458 517 523 prospera
536 437 647 524 populi
665 448 698 501 et
715 437 850 502 militum
865 438 949 502 sama
968 437 1097 512 Rufum
1121 438 1208 524 quod
1227 438 1313 527 apud

245 524 412 587 ,Neronem
427 521 593 586 adversum
608 522 835 610 experiebatur.

243 654 248 666 .
293 608 375 671 LII.
392 609 483 670 Mors
495 608 590 674 Burri
599 608 727 694 infregit
736 610 860 673 Seneca
871 608 1056 694 potentiam,
1072 609 1147 694 quia
1156 626 1212 673 nec
1223 610 1311 673 bonis

248 692 371 755 artibus
384 690 468 755 idem
481 691 597 757 virium
610 707 688 771 erat,
698 693 797 757 altero
809 692 897 757 velut
906 691 986 757 duce
1000 706 1114 771 amoto,
1125 708 1157 758 et
1172 696 1257 758 Nero
1269 695 1310 757 ad

248 775 417 843 deteriores
445 776 622 845 inclinabat.
673 778 721 843 Hi
749 778 842 842 variis
869 776 1134 842 eliminationibus
1164 781 1311 843 Senecam

246 860 445 940 adoriuntur,
467 868 490 901 “
504 873 655 950 tanquam
673 865 814 951 ingentes
836 877 868 927 et
888 862 1047 949 privatum
1067 885 1162 949 supra
1180 862 1310 927 modum

246 962 370 1011 evectas
382 970 460 1033 opes
471 946 576 1011 adhuc
590 963 729 1035 augeret,
742 948 891 1034 quodque
905 947 1008 1012 studia
1021 946 1135 1011 civium
1150 948 1183 1010 in
1197 972 1229 1011 se
1244 970 1310 1011 ver-

241 1045 338 1112 ·teret,
353 1032 517 1097 hortorum
535 1054 663 1119 quoque
682 1033 859 1098 amoenitate
878 1046 909 1096 et
923 1032 1067 1096 villarum
1084 1032 1312 1119 magnificentia

245 1117 338 1202 quasi
353 1117 458 1181 Princi
497 1138 530 1179 m
544 1138 638 1214 super
675 1118 847 1181 ederetur.'’
882 1117 1079 1203 Objioiebant
1092 1118 1196 1195 etiam,
1213 1126 1236 1159 “
1250 1118 1313 1182 elo·

247 1201 384 1287 quentioe
402 1202 455 1265 lau
477 1223 528 1264 em
541 1224 597 1265 um
612 1140 675 1265 iiii
685 1201 864 1280 adsciscere,
880 1215 911 1265 et
925 1200 1062 1265 carmina
1074 1204 1211 1267 crebrius
1225 1202 1313 1267 facti-

245 1298 324 1363 tare,
338 1298 505 1384 postquam
519 1286 638 1350 Neroni
658 1310 747 1351 amor
765 1308 873 1351 eorum
888 1285 1027 1350 venisset.
1073 1286 1159 1350 Nam
1177 1287 1311 1352 oblecta-

244 1370 359 1435 mentis
378 1371 534 1457 Pnncipis
553 1372 657 1457 palam
678 1371 833 1458 iniquum,
851 1372 1021 1435 detrectare
1041 1370 1105 1433 vim
1125 1372 1194 1457 ejus
1215 1395 1311 1458 equos

243 1490 246 1496 ‚
309 1524 312 1529 ,
341 1457 402 1531 tis;
425 1456 568 1541 inludere
580 1457 845 1543 voces-quotiens
863 1467 996 1520 caneret.
1041 1457 1142 1533 Quem
1159 1456 1311 1521 adfinem

246 1478 374 1606 ffinin
387 1544 470 1628 lieu
485 1542 605 1607 clarum
618 1542 697 1621 iore,
712 1542 800 1629 quod
814 1564 876 1606 non
891 1542 932 1605 ab
946 1540 1000 1604 illo
1014 1540 1141 1627 reperiri
1156 1541 1310 1607 credatur.

248 1626 344 1691 care
364 1626 485 1691 linitam
503 1627 640 1691 Neronia
660 1627 838 1714 pueritiam,
858 1638 890 1690 et
910 1626 1008 1689 robur
1024 1626 1165 1712 juventae
1184 1626 1309 1693 adesse:

244 1724 375 1860 {meret
388 1712 583 1825 magistnim,
598 1711 672 1775 satis
686 1712 799 1799 amplis
811 1710 991 1776 doctoribus
1004 1710 1176 1775 instructus
1186 1712 1310 1799 majori·

242 1831 248 1845 ¹
271 1814 309 1860 us
321 1817 398 1860 suls}

193 1936 202 1948 .
290 1882 391 1946 LIII.
424 1884 474 1957 At
488 1883 605 1945 S'eneca
622 1881 851 1945 criminantium
872 1904 933 1945 non
954 1883 1091 1967 ignarus,
1106 1882 1310 1969 prodentibus

246 1966 294 2044 iis,
311 1965 428 2053 quibus
446 1964 552 2050 aliqua
570 1966 691 2030 honesti
709 1987 794 2043 cura,
815 1979 847 2030 et
865 1966 1105 2031 familiaritatem
1124 1967 1194 2053 ejus
1212 1968 1311 2065 magis
1389 2043 1391 2045 Ι

246 2051 454 2151 adspernante
469 2050 602 2128 Caesare,
619 2065 743 2137 tempus
758 2050 892 2115 sermoni
906 2065 993 2115 orat:
1010 2066 1042 2116 et
1054 2064 1191 2138 accepto,
1206 2052 1251 2115 ita
1264 2074 1311 2115 m-

249 2136 278 2198 oi
300 2147 345 2199 1t:
370 2142 393 2174 ‘⁴
402 2134 687 2212 'Quartusdecimus
705 2156 806 2199 annus
820 2144 882 2214 est,
898 2136 1014 2215 Caesar,
1029 2158 1068 2199 ex
1110 2158 1153 2199 uo
1167 2137 1232 2222 spei
1247 2149 1311 2200 tuae

245 2158 390 2285 adinotus
404 2242 493 2283 sum:
508 2229 646 2297 octavus,
659 2233 695 2283 ut
706 2220 877 2305 Imperium
891 2221 1030 2285 obtines:
1047 2160 1150 2297 mddio
1161 2234 1224 2285 tem
1247 2220 1309 2285 oris

246 2317 371 2370 tantum
385 2303 539 2369 honorum
553 2318 648 2389 atque
661 2328 758 2391 opum
773 2305 807 2368 in
821 2328 870 2369 me
885 2304 1061 2383 cumulasti,
1076 2316 1113 2369 ut
1128 2244 1311 2369 nihil'idlici·

246 2390 305 2455 tati
323 2410 402 2454 meae
420 2388 510 2467 desit,
526 2388 584 2452 nisi
603 2389 774 2454 moderatio
784 2392 868 2477 ejus.
913 2393 996 2456 Utar
1014 2388 1136 2476 magnis
1150 2390 1309 2476 exemplis,

242 2588 317 2652 plicet
325 2588 463 2649 mesula,
474 2600 533 2650 quos
544 2587 641 2647 juvenes
650 2586 715 2634 velut
723 2585 760 2633 in-
827 2590 861 2635 Et
868 2589 994 2648 privatum
1004 2588 1098 2634 modum
1110 2588 1211 2650 evectas]
1223 2587 1263 2636 sic
1272 2601 1307 2635 re-

243 2652 461 2709 immuunt,
470 2649 652 2698 neondlionorei
702 2650 761 2698 recti
793 2653 920 2699 centium:
940 2651 1003 2699 unde
1020 2651 1112 2714 colligo,
1127 2651 1152 2697 in
1169 2651 1225 2698 MS.
1244 2652 1308 2699 Flor.

243 2717 402 2766 ernendnnnt
414 2715 513 2763 Mirum.
526 2714 617 2774 Immo,
632 2664 760 2761 dipodius
792 2714 883 2762 nullam
899 2729 948 2762 esse
960 2715 1153 2780 prepositiones.
1170 2718 1223 2775 (nec
1239 2716 1308 2762 estin

244 2781 509 2834 itadeditsmsusestz
524 2778 559 2825 its
568 2777 633 2841 apud
658 2791 760 2840 uerique
793 2777 1027 2842 Budnisiazm.)
1055 2777 1091 2826 At
1101 2786 1156 2826 vett
1167 2778 1217 2826 edd,
1228 2779 1307 2827 indes

243 2843 458 2902 ambiemus,
466 2851 495 2890 nt
532 2840 610 2889 'ue‘
638 2840 644 2853 '
686 2841 758 2888 mori·
791 2841 922 2892 Puteolano
935 2853 1015 2891 omnes
1031 2844 1214 2904 supramodum.
1246 2843 1308 2891 Sane

242 2910 288 2958 tus
305 2917 379 2957 eram.
411 2908 476 2955 Nam
493 2913 521 2952 ut
562 2904 626 2953 recia
646 2905 760 2962 σύμφυτος
792 2913 882 2953 evectas
901 2906 1085 2970 prepositionem
1106 2905 1238 2954 desiderata
1264 2921 1306 2956 nec

242 2981 344 3048 (αἴρω
353 2970 445 3030 milis,
456 2970 490 3018 sie
503 2974 603 3028 θυμία
618 2966 718 3027 Ietinis,
728 2968 760 3015 si·
791 2968 876 3018 dioitur
890 2985 933 3033 pro
948 2985 1061 3032 werras,
1077 2977 1118 3018 aut
1134 2985 1305 3044 supergressae,

143 3037 148 3047 '
242 3035 376 3084 militridine
391 3033 493 3098 quadem
510 3032 571 3080 inter
588 3047 614 3080 sc
628 3031 759 3094 conjuncta,
792 3033 832 3081 sed
843 3033 1020 3096 estsimpliciter
1033 3036 1142 3082 ablatos
1175 3033 1240 3092 Quia
1252 3050 1306 3098 ergo

243 3098 337 3148 similia.
370 3097 478 3161 Ityekiru
495 3111 510 3144 e
527 3095 579 3144 eod·
596 3095 656 3158 Agr.
676 3094 758 3143 dedit:
792 3096 933 3159 illudsopra
944 3115 957 3146 e
968 3099 1095 3164 MSS.est;
1108 3098 1306 3164 quippequodcst

242 3165 412 3226 quoetwpro
429 3162 530 3223 cogatur
550 3159 758 3220 marusim:
792 3160 941 3209 etinGuelf.
956 3162 1052 3210 restitui.
1085 3162 1116 3209 In
1132 3162 1167 3209 ed.
1184 3178 1220 3226 pr.
1237 3170 1306 3210 estet

243 3226 491 3290 malampnum
500 3223 760 3286 tutproegentttemort.
793 3227 819 3271 tn
838 3227 963 3288 privatum
982 3227 1093 3273 modian:
1117 3226 1180 3274 unde
1200 3226 1306 3288 conjicias

242 3291 368 3353 lassum
399 3289 472 3337 Bait·
791 3297 814 3337 et
838 3291 904 3337 ultra
924 3292 1048 3352 privatum
1070 3291 1172 3338 modum.
1196 3288 1239 3400 gie
1257 3289 1306 3338 cod.

245 3391 248 3397 .
277 3354 424 3404 mnemia
434 3350 669 3416 militellum&
682 3354 708 3399 in
723 3355 761 3399 in·
790 3351 864 3414 Agr.)
890 3353 1012 3400 Privatim
1023 3355 1084 3401 male
1095 3353 1186 3401 Puteol.
1220 3353 1306 3402 erosld.

245 3421 320 3479 m
331 3426 398 3476 eset,
410 3418 441 3466 ad
450 3415 544 3465 intimas
553 3415 660 3464 libidines
666 3416 759 3464 elecem
790 3424 814 3463 et
823 3417 877 3464 Alc.
889 3417 1025 3478 (petoritum
1036 3417 1114 3464 Rhen.
1125 3433 1138 3465 e
1148 3417 1222 3477 But.)
1243 3417 1305 3466 Dein

244 3484 323 3532 lam.
355 3482 411 3531 MS.
426 3482 522 3530 monet
535 3479 759 3537 trummutedidit
788 3479 871 3528 fluas.
893 3482 1058 3542 hortorumque
1075 3497 1121 3528 am.
1154 3481 1216 3528 Mox
1238 3484 1305 3542 quast

244 3544 444 3610 ltheBud.)
477 3543 599 3593 Conmtit
610 3543 646 3591 ed.
662 3543 759 3606 panim
788 3550 824 3591 est
846 3544 1020 3608 propemodum.
1054 3543 1103 3593 Cic.
1126 3544 1244 3603 Acade,
1265 3548 1303 3593 26.

243 3612 307 3676 quod
322 3619 358 3660 ert
373 3618 396 3658 et
412 3613 439 3658 tn
454 3610 565 3657 intimis.-
581 3607 652 3670 idque
667 3615 759 3656 temtus
787 3609 856 3668 murt
881 3610 979 3670 pedalis.
1025 3609 1072 3656 Pro
1097 3611 1305 3670 supergrederetur

243 3691 296 3723 mm
311 3690 367 3726 urm
382 3675 409 3723 J.
419 3675 493 3722 (lton.
526 3674 570 3720 Ea
585 3672 679 3719 ntimo
693 3679 728 3719 eat
743 3686 758 3718 a
790 3671 866 3735 (quod
876 3672 1046 3731 inermis.
1056 3671 1135 3720 Guelf.
1146 3674 1303 3734 proegredere-

243 3741 378 3789 Puteolmo.
410 3738 458 3787 Sed
472 3736 628 3784 idnlnon
642 3735 758 3784 eonvenit.
789 3741 839 3782 tur.
871 3736 944 3784 Etru.

242 3803 393 3862 anamim,
404 3817 460 3850 eum
475 3809 530 3848 ante
542 3799 630 3847 intimis
642 3800 693 3860 ejus
703 3799 757 3848 lihi-
825 3800 939 3847 Carmina
949 3802 1052 3847 crebrior
1061 3800 1189 3864 factitare]
1207 3799 1303 3862 Trage-

242 3867 335 3916 durius
355 3867 460 3915 conscius
475 3865 575 3921 trustem
596 3872 666 3926 atque
683 3863 757 3910 socim
788 3863 877 3922 diesne,
884 3879 937 3926 quar
944 3865 994 3925 ejus
1001 3864 1224 3912 nominefernntur?
1237 3865 1301 3923 Non,

242 3928 630 3995 potimctedjutornuncsumitur.
648 3927 756 3974 Ceterum
789 3925 882 3990 opinor,
893 3937 916 3975 et
926 3929 982 3976 alibi
992 3927 1076 3975 vilere.
1108 3927 1184 3976 Iure.

243 3993 528 4043 deedamestinGuelf.
544 3993 615 4038 Eun.
638 3990 756 4038 Inlthen.
823 3993 929 4040 Eauerct
961 3993 1115 4054 magistrum]
1144 3992 1302 4055 Relinqueret,

245 4056 664 4120 lottmmypugnpnisemum
672 4062 756 4113 ostra,
790 4065 920 4104 emoveretz
938 4071 952 4103 a
969 4056 1055 4104 Grecis
1071 4064 1191 4111 sumtum
1211 4057 1251 4119 qui
1267 4057 1303 4104 di-

244 4119 758 4246 ‘'imfflffifffltt
790 4119 1302 4246 istriensem

244 4248 520 4307 madmenaunde
534 4249 645 4298 2.m.ad
658 4261 758 4307 esrom,
790 4247 862 4295 tentia
884 4255 919 4296 est
939 4247 1016 4294 scic.
1040 4247 1070 4294 ad
1086 4246 1141 4293 Div.
1163 4247 1185 4305 1,
1203 4249 1226 4304 7.
1243 4257 1302 4296 extr.

243 4314 420 4363 mmcatovocis
430 4313 510 4375 capite
792 4310 864 4362 nas.
