3042 4950
240 226 297 286 aaa
406 303 419 325 .
656 226 886 291 Anaunion
1127 230 1221 304 [aa.
1238 226 1308 286 aa.

240 399 353 450 cuncta
369 385 403 449 in
425 387 526 473 majus
544 386 706 469 adtollens,
728 389 931 459 admiratione
951 394 1044 482 prisci
1065 396 1159 458 moris
1178 391 1305 457 adfecit.

240 470 371 547 Postero
384 470 435 535 die
453 478 473 508 “
483 473 635 559 spatium'’
645 476 756 552 oravit,
768 484 789 515 “
798 502 873 564 quo,
883 490 1005 543 tanturn
1016 479 1134 543 itineris
1147 479 1303 552 aditurus,

239 554 349 620 fratres
362 572 434 621 ante
448 568 641 645 matremque
654 561 767 624 viseret
779 564 806 625 :”
820 563 958 628 obsidem
973 564 1089 629 interea
1102 564 1198 627 filiam
1208 561 1305 626 tradit

238 639 322 704 litter
379 666 417 706 ue
432 641 585 729 supplices
599 644 640 707 ad
655 646 822 711 Neronem.
902 666 905 672 “

282 727 358 791 XX
398 730 425 791 I.
449 728 495 791 Et
513 727 680 813 digressus,
696 730 851 795 Pacorum
871 731 957 819 apud
972 733 1098 809 Medos,
1122 732 1302 817 Vologesen

239 811 408 876 Ecbatanis
421 834 455 875 re
495 811 544 890 rit,
568 834 629 877 non
645 809 833 879 incuriosum
848 816 969 881 fratris:
992 818 1111 905 quippe
1125 833 1156 881 et
1170 816 1304 903 propriis

238 897 356 962 nuntiis
366 921 386 961 a
397 834 576 963 Corbirlone
585 898 727 984 petierat,
744 906 766 939 “
781 923 820 965 ne
831 924 927 987 quam
941 902 1106 989 imaginem
1116 901 1230 966 servitii
1243 900 1301 963 Ti-

238 981 352 1079 ridates
365 982 532 1080 perferret:
556 1005 618 1047 neu
632 982 751 1049 ferrum
765 986 911 1066 traderet,
925 1003 981 1052 aut
995 986 1160 1074 complexu
1175 986 1300 1073 provin·

238 1090 300 1131 eras
313 1068 521 1132 obtinenuum
534 1082 699 1148 arceretur,
709 1070 868 1135 foribusve
875 1096 983 1137 eorum
993 1072 1166 1146 adsisteret:
1184 1085 1302 1135 tantus-

237 1160 300 1238 que
313 1152 342 1215 ei
356 1154 479 1229 Romae,
495 1166 631 1238 quantus
646 1155 846 1235 Consulibus,
858 1156 957 1221 bonor
970 1159 1077 1221 esset.”
1114 1156 1235 1221 Scilicet
1248 1178 1303 1218 ex-

237 1253 333 1301 ternae
347 1237 501 1324 superbiae
515 1252 603 1302 sueto
617 1262 679 1303 non
694 1239 794 1305 inerat
803 1241 912 1306 notitia
922 1242 1037 1307 nostri:
1060 1242 1146 1329 apud
1161 1264 1240 1328 quos
1254 1240 1302 1303 vis

238 1322 367 1409 Imperii
381 1322 472 1399 valet,
487 1323 592 1387 inania
605 1324 868 1391 transmittuntur.
1156 1390 1159 1398 ,

280 1408 429 1473 ΧΧΧΙΙ.
446 1408 569 1473 Eodem
579 1430 661 1473 anno
671 1412 777 1475 Coesar
787 1410 925 1476 nationes
936 1411 1064 1499 Alpium
1075 1410 1300 1475 maritimarum

236 1492 267 1557 in
280 1493 336 1580 jus
350 1492 436 1557 Latii
450 1492 616 1559 transtulit
653 1494 810 1581 Equitum
825 1498 1041 1561 Romanorum
1055 1496 1138 1561 locos
1153 1494 1300 1559 sedilibus

269 1720 359 1767 Cuncta
370 1718 396 1765 in
406 1720 482 1781 majas
491 1718 610 1781 attollens]
627 1716 665 1765 Sic
676 1716 748 1767 MSS·
783 1721 949 1778 sitammam
958 1734 1036 1767 omnes
1040 1719 1130 1781 possim
1139 1721 1231 1767 intrare
1233 1734 1300 1779 pror-

236 1782 299 1829 Flor.
322 1780 392 1849 (Agr.
414 1782 491 1842 Bud.)
512 1781 591 1830 Guelt'.
616 1780 669 1829 edd.
696 1790 750 1829 vett.
782 1792 887 1840 mmmt,
903 1786 1068 1846 nisiptosoat
1077 1784 1154 1846 judee
1171 1784 1299 1838 vocaverit,

234 1860 322 1895 omnes.
350 1846 506 1904 Recmtiores,
515 1847 565 1907 jam
573 1844 699 1909 lipsiana,
711 1862 752 1893 en·
782 1856 825 1896 oat
834 1851 955 1910 negotium
966 1850 1076 1907 traxerit,
1088 1849 1190 1907 antipae
1203 1847 1301 1892 honoris

234 1910 490 1971 tollenr,eRhen.soc.
521 1910 651 1975 Egopvetne
661 1919 752 1959 secutus
778 1912 1301 1974 propriidcgnltarintrotrepermireritrita

234 1990 294 2023 sunt.
319 1975 353 2022 ll.
363 1976 387 2033 2,
399 1978 438 2023 90.
451 1976 475 2032 3,
487 1976 510 2023 9.
518 1984 554 2021 est
564 1975 671 2023 anonas
682 1977 750 2024 ottol-
783 1979 981 2039 ammplam
984 1978 1065 2039 fiterit
1075 1976 1198 2021 insolenter
1209 1976 1301 2035 ingres·

234 2042 288 2096 lere,
306 2049 329 2087 et
344 2039 400 2088 alibi
410 2054 503 2103 quoque
518 2038 581 2101 apud
590 2046 694 2089 noenum
709 2054 751 2102 pro
783 2056 830 2094 aar,
844 2049 887 2090 out
899 2043 1010 2095 cadatur,
1028 2048 1070 2087 nat
1084 2039 1238 2101 propettzmr,
1256 2044 1301 2084 nat

233 2103 442 2153 cantandicitur.
474 2104 543 2151 Eun.
782 2107 862 2166 aliquo
875 2108 1019 2153 verecundie
1034 2110 1103 2165 atque
1118 2103 1301 2150 existimationis

268 2169 447 2231 Postrer'nodte]
465 2168 542 2221 Forte,
553 2174 654 2228 postero.
684 2166 750 2217 Nam
782 2184 830 2217 run
857 2172 906 2217 lade
932 2171 1052 2217 rraattetar.
1093 2166 1165 2225 Quod
1185 2166 1301 2228 augenda

232 2242 323 2281 noctem
341 2248 392 2281 eam
406 2232 498 2293 manat,
516 2230 551 2279 uti
565 2240 661 2293 apparet
673 2246 703 2279 ex
717 2232 750 2279 ri-
781 2232 888 2295 dignitati
906 2245 1043 2296 usurpntum
1058 2247 1074 2280 a
1090 2230 1245 2284 Praaidibus3
1262 2228 1300 2276 uti

232 2297 295 2359 giliis
314 2296 435 2345 nunciatis.
468 2296 543 2344 lnrs.
578 2298 675 2343 Postero
695 2296 750 2345 llIS.
798 2297 889 2345 rivatim
906 2314 922 2344 a
942 2296 1083 2361 quibusdem
1105 2311 1145 2358 per
1165 2293 1300 2355 superbiam

232 2360 360 2409 Flosedd.
377 2376 411 2424 pr.
427 2361 533 2409 Beroald.
550 2358 711 2407 AlePiehen.
728 2370 751 2409 et
848 2378 875 2409 a.
908 2363 983 2409 lars.

232 2426 524 2540 reattulit
548 2424 748 2538 ttrite
782 2421 1300 2541 ...tartattrnt‘ntttr

231 2555 337 2604 ahenam.
371 2557 422 2604 Nos
436 2506 560 2603 illudedilin
572 2505 749 2617 liipsioproba-
779 2569 815 2617 pr.
828 2554 928 2618 (Contra
937 2507 1123 2614 deestiriliud.)
1148 2520 1300 2621 llloxinerai

230 2635 301 2677 must
318 2619 469 2683 placebatque
485 2619 518 2666 N.
537 2617 642 2666 Hunno.
674 2618 747 2666 Ειιιι.
781 2619 854 2667 MSS.
873 2620 935 2666 Flor.
957 2617 1043 2679 (Bud.)
1062 2617 1141 2665 Gueli'.
1162 2617 1198 2664 ad.
1218 2630 1254 2682 pr.
1271 2615 1299 2662 J.

231 2687 354 2732 Poetremo
370 2693 447 2731 tuetur
466 2683 543 2731 Rben.
556 2682 586 2730 ad
602 2691 676 2730 totum
692 2693 749 2730 tenr-
781 2683 1000 2731 Gronceterierot.
1017 2686 1129 2746 l'trporro
1137 2683 1232 2742 imperti
1240 2681 1298 2728 MS.

230 2765 275 2812 pus
292 2749 339 2797 scil.
360 2747 488 2810 respiciens,
506 2762 553 2812 quo
563 2747 637 2794 semel
652 2746 748 2795 iterum·
780 2747 842 2794 Flor.
857 2757 915 2795 teste
924 2749 949 2796 J.
956 2748 1082 2798 Gronovio.
1090 2747 1137 2794 scil
1146 2746 1168 2792 in
1177 2744 1299 2807 excerptis,

231 2829 277 2877 que
287 2813 400 2876 congressi
411 2821 472 2860 sunt.
780 2811 865 2874 quibus
878 2827 935 2859 usus
950 2811 1108 2875 cstRyclrius.
1141 2809 1241 2863 Mirum,
1255 2809 1297 2856 Pi-

263 2878 416 2940 Neaserrum
427 2877 541 2940 traderet]
559 2876 637 2923 Perse
652 2874 714 2924 enim
725 2885 749 2923 et
780 2875 883 2931 chenam,
902 2876 944 2939 qui
960 2877 1094 2936 conjiciebat
1107 2873 1231 2937 legendum
1248 2889 1299 2920 esse

232 2941 314 2990 Parthi
335 2955 416 2988 omnes
433 2955 522 3003 semper
540 2940 570 2988 de
586 2955 650 2988 more
668 2939 745 2988 cincti.
780 2940 1115 2996 vn‚idincodiceF10r.non
1127 2938 1217 2986 viden.
1248 2937 1297 2984 Sed

231 3005 439 3060 Ammianusltss.
474 3005 749 3066 Ommrpromiscaevel
778 3002 812 3050 ita
821 3003 846 3051 in
856 3004 927 3052 MSS
939 3005 1045 3052 scribimr
1049 3008 1093 3068 joa
1104 3013 1127 3051 et
1138 3004 1180 3055 oie,
1193 3009 1219 3048 ul
1230 3000 1298 3048 facile

230 3073 292 3118 inter
302 3071 382 3132 epulor
385 3071 504 3131 festosque
515 3070 564 3116 diet
572 3069 663 3130 gladiis
675 3070 746 3115 cincti
779 3067 849 3115 etiam
870 3069 1034 3131 elegentibus
1055 3075 1222 3132 permutentur.
1264 3064 1296 3112 In

226 3142 375 3192 carnuntum
399 3149 466 3195 qaam
487 3134 625 3182 Graecorum
641 3137 747 3180 veterum
779 3131 856 3180 codiee
877 3132 972 3196 quidem
993 3137 1054 3195 Agr.
1077 3135 1113 3180 vir
1131 3145 1180 3179 esse
1201 3137 1298 3177 testatur

229 3215 318 3247 morem
340 3200 433 3260 primos
458 3199 564 3261 olJeclrse
584 3195 745 3258 Athenienses,
778 3195 892 3258 Ryckius.
908 3196 938 3243 In
947 3197 1004 3244 meis
1013 3197 1079 3245 libris
1089 3194 1197 3244 omuibus
1205 3202 1239 3242 est
1241 3196 1295 3256 jur.

232 3265 379 3324 Thucydides
393 3269 427 3310 ert
440 3269 529 3309 aanor.
555 3261 592 3310 At
602 3259 632 3307 de
647 3260 693 3308 ritu
703 3275 745 3322 po·
777 3260 826 3307 Sed
837 3263 959 3308 mierum
970 3269 1012 3319 ωε,
1023 3259 1297 3323 namopponnnturtno·

227 3328 298 3375 nendi
308 3327 371 3391 apud
383 3326 536 3389 Magistratus
547 3324 609 3382 feni,
621 3325 646 3372 in
660 3325 747 3374 Electie
778 3326 839 3371 nior
872 3325 970 3387 ideoque
1001 3340 1056 3372 curn
1088 3322 1193 3372 Freinsh.
1221 3322 1297 3370 Gron.

228 3392 390 3448 middletum,
401 3407 452 3453 cap.
466 3389 495 3438 de
504 3391 631 3438 lictoribus.
664 3389 740 3437 ers.
778 3388 869 3451 Ryckio
888 3398 1054 3437 scrumosum.
1087 3387 1144 3437 Vid.
1166 3386 1248 3435 Heius.
1265 3385 1297 3432 ad

259 3457 455 3520 Antcomplena]
474 3454 569 3517 Duplex
581 3455 646 3504 ritus.
680 3454 746 3500 Prio-
778 3452 896 3500 Velleium
916 3469 940 3516 p.
962 3455 1019 3504 258.
1064 3454 1137 3501 Etru.
1181 3452 1212 3499 ln
1232 3450 1298 3498 Bud.

227 3521 376 3569 remillustro
392 3519 531 3582 eSpartiani
545 3520 636 3575 Severo,
654 3516 746 3581 dequo
778 3515 856 3564 Rhen.
881 3517 939 3580 legit
959 3521 1010 3581 jar.
1054 3516 1135 3566 Dubia
1160 3516 1228 3564 lectio
1251 3523 1294 3563 est.

228 3587 317 3648 legato
334 3584 421 3632 Africae
438 3599 457 3631 c.
476 3586 499 3630 2.
530 3586 563 3631 In
580 3599 607 3630 eo
623 3584 745 3644 legatione,
778 3579 1144 3647 Magierideturvielegendum.
1253 3621 1258 3630 ,

226 3666 281 3698 eum
298 3664 352 3696 eam
371 3650 466 3710 quidam
483 3649 631 3710 municipum
650 3661 747 3694 rarorum
811 3647 928 3707 Equitum
935 3648 1006 3694 Rom.
1020 3648 1091 3710 locos]
1103 3645 1206 3693 Recteet
1214 3641 1298 3691 ordine

228 3716 378 3776 lambente,
391 3714 574 3775 precedentibus
585 3713 702 3774 fiscibus,
720 3717 747 3758 at
778 3709 948 3772 capiendahaer
960 3710 1112 3773 legendaque,
1129 3724 1160 3757 ne
1172 3723 1226 3756 cum
1243 3707 1296 3755 aliis

227 3782 352 3842 ammaum
370 3778 554 3825 contubernalem
575 3778 625 3838 ipre
642 3773 746 3838 plebeiae
777 3773 1063 3832 ebeaserrabundualta
1071 3771 1294 3822 autanincircose.

226 3845 349 3907 amplexat
359 3849 424 3900 earm,
434 3842 543 3903 fustibus
556 3855 609 3888 cum
620 3841 747 3900 rotengio
779 3836 849 3885 dendi
860 3839 927 3902 (nam
938 3837 967 3886 de
977 3839 1066 3888 uano
1076 3838 1136 3887 aliur
1149 3836 1208 3885 mihi
1217 3834 1294 3896 locus)

223 3907 437 3972 praemiserant-t.
453 3907 571 3967 Legatum
579 3905 669 3966 Populi
678 3903 745 3950 Rom
778 3916 815 3948 res
825 3901 877 3950 fuit.
893 3903 935 3950 Ad
943 3903 1048 3966 Augusti
1054 3918 1131 3951 arum
1138 3899 1295 3964 spectaculum

227 3975 295 4020 nomo
301 3973 405 4036 plebeiae
416 3978 500 4019 ternere
510 3971 619 4031 amplecti
631 3968 686 4016 noli.
704 3967 747 4015 In·
777 3965 803 4012 id
813 3966 919 4026 Smatus,
931 3968 1019 4030 Eques,
1032 3967 1114 4015 Plebes
1124 3966 1214 4013 inibant
1222 3962 1296 4011 indis-

227 4037 318 4088 terdicti
326 4051 380 4100 ergo
390 4033 539 4098 provinciales
549 4034 683 4096 complexu.
701 4031 747 4079 Sed
778 4030 848 4077 creti:
866 4045 922 4078 nam
938 4031 1024 4078 Βοιώ
1034 4031 1073 4078 lex
1084 4039 1107 4077 et
1117 4029 1184 4077 tutia
1194 4027 1296 4075 theatra·

228 4099 270 4150 ne'c
280 4101 305 4149 in
320 4100 381 4148 fores
392 4099 470 4146 statim
481 4097 527 4144 illis
539 4097 631 4145 editus:
649 4095 684 4143 uti
701 4095 747 4144 ele-
777 4093 852 4147 liade
861 4103 1027 4141 scenatamum
1035 4103 1148 4152 caveant,
1159 4092 1244 4140 nonde
1253 4108 1296 4140 eu.

227 4175 308 4226 gauter
314 4164 437 4212 Salvianus
445 4163 474 4210 de
482 4162 611 4209 Gubernal.
618 4163 642 4219 3,
653 4161 691 4208 82.
703 4163 747 4207 ln·
779 4158 943 4206 rulibusludis.
959 4158 1126 4223 Quiquoniam
1134 4156 1295 4220 antiquissimi,

223 4234 362 4291 ,trajanam
372 4243 418 4277 aon
429 4228 495 4274 modo
506 4227 637 4274 illnrttium
645 4231 748 4286 paesta-
779 4223 888 4286 religione
898 4223 1008 4286 quadam,
1025 4239 1114 4287 censeo,
1127 4233 1150 4270 ct
1165 4221 1236 4268 simul
1248 4235 1296 4268 non

228 4299 288 4354 tam,
307 4294 346 4340 red
361 4294 433 4340 ctiam
444 4291 580 4341 Praeridam
597 4291 748 4352 outPreepo-
779 4287 906 4336 alienandae
927 4287 996 4351 plebi,
1022 4297 1125 4336 servatus
1151 4287 1175 4333 in
1190 4284 1226 4352 ιίι
1245 4297 1308 4334 mos·
