3042 4950
211 214 269 273 354
618 198 619 201 ¹
637 206 855 272 ANNALIUM
1120 204 1165 280 [Α.
1177 225 1205 261 u·
1220 204 1286 263 820.
1308 222 1313 229 ’

153 388 156 397 '
219 372 334 447 diosus,
351 366 513 443 subdolus,
524 366 684 451 avaritiam
699 390 734 431 ae
748 367 906 432 libidinem
922 367 1097 443 occultans:
1122 391 1194 453 quae
1204 380 1288 452 pos't-

222 478 318 543 quam
331 454 463 541 pecunia
477 452 595 515 reclusa
606 466 689 531 sunt,
701 453 789 517 dedit
798 452 977 539 exemplum
991 452 1198 539 praecavendi,
1210 476 1288 538 quo-

223 540 317 605 modo
332 538 496 603 fraudibus
509 537 664 601 involutos
675 550 730 601 aut
741 538 866 623 flagitiis
876 538 1124 615 commaculatos,
1137 538 1180 601 sic
1189 537 1288 623 speeie

228 628 381 691 bonarum
397 623 509 687 artium
524 623 627 699 falsos,
642 639 673 687 et
687 624 830 687 amicitiae
844 624 975 687 fallaces.

271 711 449 774 XXXIII.
475 707 564 771 Idem
582 721 685 771 tamen
705 708 771 772 dies
784 724 816 773 et
836 710 1000 772 honestum
1016 708 1193 794 exemplum
1218 706 1290 771 tulit

228 796 327 861 Cassii
343 792 569 881 Asclepiodoti3
593 793 657 877 qui,
672 793 887 879 magnitudine
900 816 996 880 opum
1011 796 1190 880 praecipuus
1210 793 1292 856 inter
1315 814 1318 821 ·

182 890 189 904 ‘
230 882 475 967 Bithynos,1quo
494 878 643 963 obsequio
661 878 821 942 florentem
844 882 997 942 Soranum
1012 878 1229 955 celebraverat,
1250 878 1294 941 la-

229 969 354 1031 bentem
369 987 432 1027 non
447 963 602 1026 deseruit:
626 977 802 1049 exutusque
816 964 960 1026 omnibus
974 964 1108 1027 fortunis
1121 977 1153 1027 et
1167 964 1198 1025 in
1214 963 1292 1026 exsi-

230 1053 306 1115 lium
323 1064 428 1119 aetus;
454 1050 600 1134 aequitate
616 1051 720 1111 Deum
742 1072 817 1134 erga
836 1050 918 1112 bona
940 1048 1084 1132 malaque
1097 1049 1291 1112 documenta.

232 1138 381 1200 Thraseae
398 1136 577 1219 Soranoque
591 1148 622 1197 et
634 1133 772 1197 Serviliae
783 1133 876 1196 datur
885 1134 993 1196 mortis
1006 1133 1177 1196 arbitrium.
1216 1133 1294 1196 Hel-

231 1222 334 1285 vidius
348 1231 378 1283 et
389 1218 542 1283 Paconius
553 1218 645 1281 Italia
653 1218 862 1305 depelluntur.
899 1220 1072 1281 Montanus
1083 1218 1163 1303 patri
1174 1242 1294 1281 eonces-

233 1330 285 1371 sus
299 1320 354 1382 est,
370 1304 528 1391 praedicto,
544 1326 582 1367 ne
596 1304 628 1366 in
639 1304 814 1389 Republica
827 1304 1002 1366 haberetur.
1034 1304 1292 1387 AdcusatoribuS‚

232 1552 258 1583 ea
280 1536 350 1591 frons,
368 1549 421 1596 quae
440 1524 687 1596 preferat'imagmem
708 1533 748 1578 ho·
780 1531 847 1585 lium,
865 1534 880 1581 i*
894 1548 913 1580 e.
932 1545 1001 1579 ruens
1017 1530 1046 1578 ad
1064 1530 1190 1579 interitum.
1223 1531 1296 1579 Eun.

232 1599 302 1647 minin
323 1598 413 1645 honesti
438 1608 461 1645 et
484 1596 545 1645 firmi
565 1606 635 1659 atque
656 1596 749 1644 exerciti
781 1597 973 1645 Budlubcntem.

233 1662 379 1725 philosophi;
398 1676 495 1725 eamque
511 1661 622 1707 rationem
642 1660 749 1708 adversus
814 1662 933 1724 AEqeitute
954 1663 1033 1709 Deam
1054 1662 1124 1723 erga]
1150 1659 1298 1721 Depraratio‚

236 1726 363 1790 Ryclrhrm,
386 1734 471 1772 temere
492 1724 543 1771 eod.
569 1724 631 1771 Flor.
653 1726 748 1772 auctori-
782 1741 854 1788 quam
873 1726 966 1784 adnoto,
983 1740 1028 1772 non
1047 1726 1108 1771 tollo.
1153 1724 1206 1771 Nisi
1225 1726 1301 1788 placet

235 1801 282 1839 tate
298 1790 382 1843 uirum,
402 1788 504 1836 defendit
522 1790 568 1835 late
587 1790 639 1845 dac,
660 1789 750 1835 Grono·
783 1804 837 1836 eum
856 1788 998 1853 intersigna,
1022 1799 1045 1836 et
1061 1789 1143 1841 meere,
1157 1788 1232 1838 Deos
1248 1790 1299 1837 haec

236 1856 294 1903 vius.
329 1854 392 1901 Mihi
407 1862 482 1899 tamen
498 1868 527 1899 ne
546 1852 682 1915 sicquidem
698 1869 750 1916 per·
783 1853 862 1901 iisdem
884 1854 956 1901 oculis
976 1853 1115 1916 adspexisse,
1133 1868 1211 1915 requos
1231 1855 1299 1901 bonis

235 1933 329 1965 suasum
349 1927 390 1970 est.
409 1927 435 1964 ut
453 1917 526 1979 Iripaii
539 1917 698 1963 correctionem
715 1933 750 1963 re.
782 1919 896 1981 malisque
912 1918 1025 1980 exemplis
1044 1928 1066 1965 et
1083 1918 1133 1964 elne
1149 1932 1206 1964 cura
1220 1918 1300 1965 nostri.

234 1983 414 2046 pudiem.quam
424 1990 447 2027 et
457 1980 674 2028 neuterGronovius
682 1995 750 2039 ausus
783 1975 873 2029 Inrs.'
913 1981 1033 2045 Quicquid
1064 1981 1150 2038 dicant,
1176 1983 1302 2041 intervertet

236 2057 270 2095 est
286 2062 299 2094 e
314 2054 379 2093 textu
391 2046 476 2107 ejicere.
511 2044 600 2091 Dun'us
617 2044 675 2091 mihi
688 2045 750 2091 vide-
782 2044 886 2102 Tacitus,
908 2056 950 2092 aut
971 2045 1057 2108 patitur
1078 2059 1165 2104 sensus,
1188 2044 1234 2106 qui·
1250 2046 1300 2109 pior

236 2121 274 2158 tur
290 2110 386 2168 dictum,
404 2111 566 2156 auctoritatem
584 2111 667 2157 Stoma
683 2116 751 2155 τιτι-τω
783 2110 852 2157 etiam
869 2120 892 2157 et
906 2109 990 2157 divinae
1009 2109 1158 2171 providentiae
1176 2108 1300 2155 adsertores

233 2176 373 2237 praefirmat
390 2180 463 2221 creet
477 2174 557 2220 Iralritu
575 2174 606 2219 ed
622 2175 754 2233 reprirnm-
783 2189 843 2236 sape
865 2175 996 2233 turbarunt,
1019 2189 1072 2221 cum
1098 2173 1200 2219 riderent
1227 2173 1299 2219 scelus

238 2242 292 2287 cam
309 2239 436 2299 Imaginem
451 2238 472 2283 Ιι.
490 2246 511 2284 et
526 2254 544 2283 e.
562 2252 603 2284 uec
621 2236 669 2283 ullo
686 2237 754 2285 modo
784 2237 1199 2299 praemiavirtutem'supplidasequi.
1216 2238 1300 2297 AEprri·

238 2317 355 2363 concoquo
366 2318 390 2348 or
401 2302 755 2361 ridell-tumoderprinrendnm
785 2308 856 2348 tatem
873 2310 939 2347 vocat
957 2302 1110 2349 indifferenter
1126 2300 1214 2362 aliquid
1236 2302 1300 2354 ferre,

229 2369 336 2428 ,aliquem
353 2368 557 2429 proeaprirneale,
592 2366 641 2422 Cur
657 2379 702 2411 non
715 2380 755 2427 po.
785 2366 913 2412 nibiladid
921 2366 1065 2413 commoveri
1088 2366 1122 2412 Ut
1131 2364 1301 2425 CiceroAgrar.

238 2430 756 2491 tiuedixiseetoreetlrabitndeprimentium·
788 2435 809 2487 l,
828 2434 850 2477 5.
871 2430 991 2485 Quantum
1013 2432 1056 2478 tut
1077 2432 1134 2491 agri
1160 2431 1248 2487 ereda,
1275 2438 1302 2478 ut

236 2499 317 2555 girum
328 2497 417 2542 lrorrerti
428 2501 449 2542 et
464 2495 583 2541 euerardi
601 2495 662 2558 quod
674 2503 721 2542 eret
732 2495 756 2540 in
785 2497 844 2541 ulios
860 2497 975 2547 ominem,
996 2509 1059 2541 socer
1078 2495 1155 2547 terr?
1172 2503 1195 2542 rt
1213 2497 1245 2555 (ri
1260 2511 1303 2556 ego

240 2569 341 2622 promtu.
376 2559 446 2606 Nunc
463 2560 549 2606 clarum
565 2568 606 2614 est,
623 2568 648 2604 ut
666 2559 754 2621 opinor,
785 2563 835 2621 ejar
851 2561 983 2619 equitatem
999 2561 1074 2605 aulaei
1088 2559 1154 2620 raoni)
1174 2574 1220 2605 noa
1240 2561 1301 2607 invi.

240 2625 339 2670 voluisse
349 2623 395 2669 ulio
411 2622 479 2670 modo
490 2623 572 2680 dicere,
584 2623 647 2685 quod
666 2624 702 2676 15,
716 2623 755 2668 45.
787 2631 833 2671 tur.
857 2622 928 2670 Adde
939 2623 1035 2683 Obrerv.
1049 2624 1085 2677 17.
1108 2623 1200 2670 Grion.
1223 2623 1300 2671 Recte.

240 2688 344 2736 ‹lineratr
365 2689 447 2734 Groeea
464 2689 569 2733 doctm'no
586 2702 624 2733 ore
641 2695 757 2733 tenueer-
785 2687 819 2734 Et
837 2696 871 2734 est
888 2687 970 2734 similis
989 2689 1102 2734 sententie
1119 2702 1190 2748 supra
1208 2689 1245 2745 lt,
1266 2691 1309 2736 12.-

239 2753 454 2807 rreitursunimum
472 2751 642 2798 lonearium
660 2753 757 2798 eontr-
788 2751 858 2798 Eun.
903 2751 944 2798 Ab
962 2751 1116 2813 Epicureismi
1133 2751 1185 2799 labe
1205 2751 1305 2800 liberant

241 2819 332 2863 deerat.
366 2815 429 2862 HnIc
448 2815 593 2861 simillimum
615 2823 656 2873 eet,
675 2829 713 2861 ore
735 2820 758 2870 ct
787 2826 892 2862 nestrum
904 2815 959 2877 Bip.
975 2815 1076 2877 itemque
1090 2816 1170 2862 Hiller.
1187 2817 1244 2863 Ilac
1265 2817 1304 2864 14.

240 2882 321 2927 habitu
338 2881 452 2926 euerritur
468 2881 498 2925 ed
508 2879 682 2940 exprimendam
697 2880 756 2924 tma-
787 2879 832 2927 Sed
848 2879 979 2926 Gronom'us
997 2880 1046 2941 ipse
1061 2879 1228 2934 animadvertit,
1245 2897 1304 2943 quos

238 2947 320 3005 gr'nem
333 2945 429 3001 honerii,
445 2950 546 2990 ceterum
561 2946 638 2989 animo
647 2944 757 3004 perfidio·
774 2957 873 2998 neruus,
879 2944 995 2991 occasione
1002 2959 1078 2990 rerum
1086 2943 1124 2991 lric
1130 2952 1253 3006 gestarum,
1263 2945 1311 2992 iste·

241 3025 288 3068 retr,
301 3015 342 3056 etc.
377 3007 431 3052 Non
449 3009 490 3054 hoc
501 3006 627 3070 simplicius
640 3007 758 3054 remelius
786 3008 816 3055 sit
826 3024 915 3070 passus.
1201 3032 1205 3037 .
1310 3011 1316 3017 '

241 3081 284 3130 est,
300 3087 371 3135 quam
387 3071 453 3125 illud,
467 3071 529 3134 quod
546 3071 595 3118 sine
608 3071 702 3132 argutiis
719 3071 759 3118 de·
821 3072 954 3134 Paeonizrr]
972 3070 1008 3118 lta
1019 3071 1055 3120 hic
1067 3072 1129 3120 Bud.
1140 3083 1162 3120 et
1174 3074 1265 3123 Puteol.

242 3136 305 3184 feodi
323 3145 346 3182 et
364 3135 473 3198 explicari
491 3150 536 3182 non
556 3138 648 3197 potest?
672 3137 759 3196 Imago
823 3137 944 3193 l’roedictu
964 3151 992 3182 ne
1009 3139 1034 3183 in
1054 3139 1127 3200 Rep]
1153 3138 1258 3200 Accipio,
1280 3147 1307 3186 ut

242 3193 330 3248 honerii
341 3200 432 3250 dieitur,
445 3210 471 3246 ut
482 3199 544 3262 apud
556 3199 687 3246 Ciceronem
699 3215 759 3262 serpe
789 3199 873 3246 Roma
900 3200 977 3246 uidem
994 3201 1173 3255 esreaeilioeret,
1189 3203 1237 3262 sed,
1254 3219 1308 3265 prc-

242 3267 334 3326 rpeeIeu
356 3265 509 3310 riorrrlcerum
534 3265 642 3318 decedi,-
655 3265 759 3309 virtutis.
789 3264 828 3311 cul
845 3265 875 3310 ab
909 3279 978 3311 onore
992 3266 1057 3311 omni
1074 3276 1096 3313 et
1112 3267 1210 3326 publiris
1225 3281 1307 3314 mune-

245 3329 306 3376 Mox
322 3328 428 3392 copulam
446 3335 468 3374 et
483 3337 537 3374 ente
555 3329 661 3374 rnldolur
677 3327 759 3383 delevi,
788 3329 861 3384 ribus,
881 3328 952 3374 vitam
974 3340 1051 3388 ageret
1072 3330 1194 3391 privatam.
1232 3331 1307 3380 Iure.

244 3394 373 3440 auctoribus
395 3391 461 3438 cedd.
486 3392 549 3439 Flor.
567 3391 646 3438 Guelf.
690 3391 760 3437 Eun.
790 3391 926 3439 Formulem
940 3397 1007 3453 petri
1027 3409 1144 3440 concessus
1159 3402 1201 3451 ert,
1220 3410 1262 3457 pro
1283 3397 1308 3443 in

246 3457 296 3515 [Sic
315 3471 338 3504 et
357 3456 430 3514 Bru.)
464 3454 538 3518 Lipsii
553 3457 705 3516 ¹conjecturum
723 3455 761 3501 fir·
791 3458 862 3519 patris
888 3459 986 3518 gratiam
1011 3457 1101 3506 veniam
1129 3459 1226 3520 aceepit,
1253 3459 1309 3507 illu.

198 3564 202 3572 .
245 3520 425 3581 metrodrlgr.
443 3519 497 3582 Bip.
512 3520 535 3566 in
548 3519 677 3566 subsidIum
692 3519 761 3571 adro-
785 3532 890 3568 stravere
911 3520 957 3567 alii.
997 3521 1028 3567 V.
1047 3523 1114 3570 Clav.
1132 3525 1181 3570 Cic.
1199 3523 1224 3570 in
1243 3523 1267 3570 h.
1287 3541 1307 3571 v.

246 3594 298 3632 cant
320 3587 355 3642 15,
373 3587 412 3630 45.
425 3585 508 3635 Groeea
520 3585 624 3630 doctrina
641 3597 680 3629 ore
696 3590 763 3630 tenue
793 3585 864 3632 Eun.
892 3585 933 3632 Ab
943 3586 1128 3649 interpretatione
1139 3587 1214 3650 Lipsii
1223 3589 1309 3636 recedit

245 3651 369 3696 exereitus.
409 3646 508 3694 Dudum
527 3645 634 3710 piilbarat
655 3645 764 3694 Faemur.
794 3649 822 3695 P.
835 3649 909 3696 Faber
919 3649 948 3696 de
960 3651 1044 3712 Ilagg.
1056 3651 1127 3698 Rom.
1142 3668 1162 3698 c.
1180 3659 1198 3699 Ι.
1208 3669 1245 3714 ap·
1258 3654 1308 3700 Sal.

247 3709 561 3778 Dereipsav.etH.4‚10.
594 3710 764 3759 sicetJuven.
793 3713 1042 3782 lengret3.p.ll2l.
1064 3716 1309 3779 SciLMontanoprae.

245 3779 268 3834 3,
284 3778 336 3824 115.
360 3777 452 3824 Stoicae
463 3777 545 3821 occidit
557 3778 667 3833 Baream,
676 3777 767 3822 deditur.
793 3787 894 3840 ceptum,
908 3793 938 3825 ne
951 3779 1025 3826 lilium
1039 3780 1132 3827 haberet
1148 3783 1172 3827 in
1187 3783 1252 3840 urhe,
1270 3783 1310 3829 sed

203 3857 209 3862 ·
246 3841 373 3888 emirum
794 3857 833 3888 rus
851 3841 968 3904 relegaret.
1008 3844 1046 3892 sie
1063 3845 1243 3907 llempubliram
1262 3862 1311 3894 esre

281 3907 357 3954 Caelii
366 3905 534 3968 Arel‘pe'odoti]
545 3902 715 3965 xiphilinom,
725 3905 765 3954 96.
795 3905 896 3953 Romam
908 3909 997 3966 urbem,
1009 3917 1035 3954 ut
1049 3925 1087 3970 ap.
1100 3909 1159 3955 vat
1173 3913 1196 3966 9,
1213 3916 1254 3956 45.
1271 3911 1311 3956 ubi

245 3970 328 4018 dicitur
338 3971 447 4030 'Caspias
457 3969 631 4029 Asclepiodotus
646 3967 671 4014 N
673 3971 764 4022 Icaenus,
795 3970 833 4016 Μ.
842 3970 901 4018 Cato
911 3987 925 4017 a
936 3972 1065 4034 Republica
1076 3973 1102 4034 (i.
1115 3988 1134 4019 e.
1144 3975 1210 4028 urbe)
1223 3975 1310 4036 relega-

246 4047 269 4082 et
280 4050 294 4082 a
305 4035 381 4082 Galba
392 4036 421 4080 ab
433 4033 514 4079 exsilio
525 4041 642 4079 revocatus
648 4031 766 4079 'narratur
794 4034 839 4088 tin,
845 4045 869 4080 et
876 4035 899 4080 lu
904 4035 1008 4097 Cyprum
1014 4036 1122 4094 Quaestor
1129 4053 1180 4084 eum
1186 4039 1238 4096 jure
1247 4039 1310 4085 Prae·

279 4101 403 4146 Labentem
414 4112 460 4145 nou
471 4098 584 4159 deceruit]
604 4093 661 4144 cod.
671 4096 730 4158 Agr.
743 4105 766 4144 et
794 4098 852 4144 torio
863 4098 976 4154 mittiturr
993 4099 1096 4162 itemque
1103 4118 1140 4162 ap.
1147 4103 1203 4148 Sall.
1211 4102 1263 4149 Cat.
1275 4103 1311 4150 m.

247 4163 307 4225 Reg.
324 4165 445 4219 merrtem,
464 4161 526 4208 unde
544 4160 634 4207 edidere
651 4159 764 4223 Ryckius‚
795 4161 835 4208 ubi
853 4161 909 4208 Piso
926 4162 1034 4220 Quaestor
1052 4179 1093 4225 pro
1109 4165 1209 4213 Pretore
1227 4167 1317 4214 inlesur

248 4225 406 4283 Lallemanus,
416 4235 438 4274 et
447 4225 512 4272 Bror.
547 4224 668 4271 labentem
684 4223 764 4272 v'erum
794 4225 877 4273 dieitur
888 4226 912 4272 in
921 4226 1059 4289 Hispaniam
1071 4230 1108 4276 cit.
1121 4238 1146 4277 ut
1156 4245 1172 4276 a
1183 4231 1311 4293 Republica

245 4301 287 4346 est,
301 4290 363 4352 quod
383 4293 440 4337 bene
459 4289 583 4352 opponitur
595 4291 700 4350 florrrrr‘r',
719 4303 765 4336 non
793 4290 874 4351 procul
884 4292 977 4338 obesset.
1244 4313 1248 4321 ·

246 4356 366 4400 labantem.
400 4354 438 4400 Sir
451 4355 532 4400 drumm
547 4354 623 4399 labens
633 4368 670 4416 ap.
685 4352 764 4415 Virgi-
