3042 4950
239 270 278 326 28
649 265 876 324 ANNALIUM
1131 266 1179 338 [s.
1192 279 1223 318 u.
1238 263 1307 320 000.

239 436 361 490 tantum
378 425 532 492 accinctus
550 426 680 506 foderet,
695 440 795 492 morte
808 425 935 513 punitos
945 425 973 489 :”
997 446 1070 511 quoe
1085 420 1190 499 nimia,
1204 433 1236 484 et
1255 421 1304 518 in·

238 524 357 575 certum
378 534 418 576 an
443 511 521 575 falso
543 511 639 596 jacta,
662 512 813 598 originem
837 525 940 574 tamen
968 534 986 574 e
1013 509 1177 574 severitate
1202 508 1302 570 Ducis

237 609 378 660 traxere:
403 597 620 682 intentumque
639 611 672 661 et
693 597 813 682 magnis
834 594 953 660 delictis
972 592 1192 658 inexorabilem
1213 591 1301 669 scias,

225 681 287 744 cni
299 693 421 746 tantum
434 681 606 766 asperitatis
619 682 711 746 etiam
726 683 875 745 adversus
888 680 968 743 levia
979 680 1173 744 credebatur.

280 766 385 829 XIX.
403 765 551 829 Ceterum
562 765 588 829 is
606 778 704 830 terror
718 767 831 830 milites
844 766 1009 851 hostesque
1027 765 1061 827 in
1074 763 1232 827 diversum
1246 759 1302 822 ad·

234 848 326 913 fecit:
350 872 407 914 nos
418 851 564 915 virtutem
579 852 741 917 auximus:
765 850 889 915 barbari
902 849 1047 914 ferociam
1061 848 1222 932 infregere.
1253 844 1301 907 Et

234 933 319 998 natio
335 933 506 999 Frisiorum
519 949 591 1022 post
611 935 821 1013 rebellionem,
837 933 925 999 clade
947 934 988 1000 L.
1002 932 1138 1020 Apronii
1151 944 1296 1017 ooeptam,

233 1018 364 1097 infensa,
378 1033 434 1084 aut
452 1020 532 1084 male
550 1019 624 1098 lida,
646 1020 727 1085 datis
739 1020 900 1085 obsidibus
913 1019 1051 1084 consedit
1064 1017 1150 1104 apud
1164 1038 1266 1102 agros,
1280 1037 1300 1077 a

234 1103 414 1167 Corbulone
427 1104 604 1191 descriptos.
649 1105 740 1170 Idem
756 1109 917 1183 Senatum,
931 1103 1141 1202 magistratus,
1155 1100 1239 1186 leges
1252 1098 1297 1196 in-

224 1188 354 1273 posuit:
378 1211 425 1266 ac,
442 1211 482 1252 ne
494 1190 577 1254 ‘ussa
596 1206 755 1268 exuerent,
775 1191 957 1286 praesidium
980 1188 1163 1260 inmunivit3
1188 1185 1297 1263 missis,

223 1272 287 1355 ,qui
309 1273 440 1358 majores
463 1213 607 1339 Cbaucos
628 1275 668 1338 ad
691 1275 878 1340 deditionem
899 1274 1086 1361 pellicerent,
1102 1270 1194 1337 simul
1208 1272 1296 1366 Gan·

232 1377 358 1422 nassum
373 1357 446 1422 dolo
457 1358 720 1444 adgrederentur:
744 1383 802 1426 nec
815 1359 916 1425 inritae
930 1370 986 1424 aut
998 1357 1164 1444 degeneres
1178 1354 1296 1420 insidia

231 1607 295 1646 ctum
306 1599 390 1660 fodere,
407 1610 441 1649 est
456 1603 531 1652 soluta
547 1603 656 1668 fluxaque
672 1607 750 1654 tunica
776 1610 858 1670 jactas
874 1621 912 1668 ap.
928 1603 1030 1664 Quintil.
1046 1605 1071 1661 0,
1086 1603 1109 1657 2,
1124 1601 1165 1657 ³7.
1186 1601 1240 1650 lais.
1254 1603 1295 1658 25,

230 1663 256 1709 in
267 1679 355 1712 morem
366 1666 510 1715 muliebrem.
542 1669 748 1732 Atexdisciplina
780 1675 803 1717 4,
819 1680 863 1717 etc.
881 1670 952 1717 Ean.
984 1667 1085 1715 Prioaeus
1100 1665 1130 1714 ad
1148 1665 1222 1729 Apul.
1235 1665 1296 1712 Met.

217 1736 286 1782 -erat,
301 1743 355 1776 cum
366 1729 443 1791 gladio
457 1746 516 1792 opus
527 1732 608 1779 faeere.
635 1733 747 1796 vegetius
782 1734 804 1780 1.
824 1749 848 1796 p.
861 1735 883 1788 7.
901 1735 937 1791 τῷ
950 1735 1026 1780 :simia
1040 1730 1193 1778 substituebat
1209 1732 1296 1775 ininsu-

229 1791 254 1848 ³,
264 1793 287 1838 0.
318 1794 413 1840 Milites
422 1797 503 1855 gladio
514 1798 585 1844 cincti
588 1798 682 1859 fossam
693 1813 747 1859 ape·
779 1801 828 1844 nia

229 1856 307 1902 riuus.
325 1855 400 1904 ers.
811 1864 884 1908 Falso
887 1862 966 1935 jacta]
984 1860 1068 1909 Venet
1085 1857 1154 1905 editio
1162 1860 1236 1919 jacta.
1252 1871 1296 1903 aa·

261 1920 374 1984 Foderet]
399 1921 504 1969 Freinsh.
524 1923 575 1970 vult
591 1925 687 1970 crederet
705 1935 746 1972 aut
778 1932 823 1983 cta,
839 1926 959 1972 hesitante
973 1924 1066 1971 librario
1076 1932 1156 1968 utrum
1171 1920 1295 1982 preferret,

221 1983 314 2044 ferret.
347 1984 402 2043 Sed,
416 1986 436 2031 si
453 1989 543 2034 vadam
557 2002 599 2048 prs
612 2003 696 2050 aggere
707 2005 745 2036 ca·
778 1998 903 2052 utramque
920 1987 1046 2050 adscripsit
1079 1985 1133 2047 ugo
1146 1984 1240 2048 quidun
1256 1983 1295 2030 hic

227 2054 326 2094 atrorum
337 2049 470 2110 accipimus,
481 2052 523 2111 qui
534 2066 547 2096 e
559 2058 618 2096 terra
628 2062 651 2096 et
661 2053 746 2111 cespite
778 2052 868 2108 malim,
871 2053 938 2113 saiso
948 2058 1024 2097 auem.
1036 2051 1110 2096 hirs.
1128 2047 1295 2096 Venetaeditio

227 2108 262 2168 fit,
274 2110 333 2156 nihil
343 2111 449 2172 impedit,
463 2127 510 2173 quo
521 2111 599 2159 minus
603 2113 699 2175 foderet
709 2129 745 2161 re·
778 2122 812 2159 est
819 2114 928 2170 Ririana,
938 2113 961 2159 in
971 2126 1019 2173 qua
1024 2112 1103 2158 sicest
1114 2112 1160 2158 Ed.
1168 2111 1295 2172 Putjocta

218 2181 293 2220 ctum
303 2173 340 2220 sit.
356 2172 430 2221 Etru.
778 2178 815 2222 vei
830 2183 905 2223 assota.
923 2176 996 2222 Euri.
1029 2174 1091 2222 Bud.
1108 2181 1170 2228 octa,
1187 2183 1214 2220 ut
1230 2175 1293 2222 ulos.

261 2239 319 2294 Quoe
334 2240 409 2285 nimio
427 2245 449 2286 et
461 2240 576 2286 incertum
592 2253 623 2285 arr
630 2241 696 2302 falso
703 2245 744 2302 ja·
777 2240 869 2287 Puteal.
883 2244 950 2301 josto
966 2239 1003 2285 vel
1017 2246 1093 2285 nacta.
1127 2236 1165 2284 Sic
1186 2246 1210 2284 et
1225 2236 1293 2284 Alci-

226 2300 274 2362 cto]
290 2301 337 2350 Ed.
348 2317 383 2364 pr.
396 2317 448 2363 que
462 2305 537 2348 nimio
551 2318 570 2349 e.
588 2306 604 2350 i.
615 2305 666 2365 af.
682 2312 743 2361 aeta,
776 2304 815 2350 ati.
853 2303 900 2350 Sed
916 2303 994 2351 Rhea.
1004 2301 1079 2363 jacta
1096 2302 1151 2366 Bip
1168 2301 1295 2364 praesentiit

226 2366 306 2412 vitiose
323 2366 372 2412 sive
389 2381 431 2428 pro
443 2369 519 2429 jacta,
539 2367 585 2414 sive
604 2381 646 2428 pro
664 2375 742 2427 suma,
776 2374 853 2415 nacta

225 2427 431 2492 sed‘illudpotius
446 2429 605 2495 credantque
620 2430 680 2480 hanc
695 2447 743 2481 esse
815 2435 870 2481 Nos
886 2435 999 2481 virtatem
1017 2432 1139 2495 canimus]
1164 2429 1252 2479 Vereor
1267 2438 1294 2478 ut

224 2493 345 2541 lectionem
364 2493 413 2542 cod.
437 2495 498 2542 Flor.
520 2504 615 2543 testatur
632 2495 741 2545 Picbena.
775 2497 896 2560 carimeris,
918 2500 1006 2544 virtute
1027 2498 1145 2543 auximus.
1182 2495 1294 2557 Augasdi

224 2556 439 2606 SicetestinMS.
456 2558 743 2622 (iuelfinisiquodactam
774 2562 871 2609 verbum
895 2560 997 2624 patiendi
1018 2559 1156 2621 significatu,
1177 2568 1205 2606 ut
1226 2558 1295 2605 iufra.

224 2620 315 2682 scripsit
334 2620 449 2680 librarius,
469 2622 499 2669 ed
520 2624 636 2683 originem
657 2632 742 2673 temere
775 2622 850 2671 Lars.
880 2625 953 2672 Recte
962 2623 1067 2671 dissentit
1077 2623 1203 2671 Merserns.
1219 2621 1291 2670 Eas.

222 2684 329 2732 referens·
353 2685 409 2733 Non
423 2685 495 2749 igitur
505 2686 634 2733 Rhenanus
644 2686 741 2737 demum
807 2690 866 2735 Post
877 2690 1033 2752 rebelliones]
1054 2688 1118 2746 Non,
1130 2694 1290 2749 utreeeptnm,

222 2746 437 2808 dededitutvult
451 2748 538 2797 videri:
557 2752 684 2798 necnimia
697 2766 740 2813 pro
768 2754 901 2813 permisti.
935 2751 1289 2814 Historiaipsaaarrata4,73.

222 2812 580 2873 conjecmmdebebatafficeo
590 2814 661 2874 rejici.
678 2815 740 2864 Mox
773 2816 848 2863 ers.
880 2818 941 2864 Post
950 2815 1077 2864 cod.1='lor.
1091 2814 1127 2863 ed.
1142 2831 1177 2879 pr.
1211 2817 1261 2863 Per
1275 2831 1291 2862 s

222 2874 315 2923 Puteal.
326 2879 409 2923 munia
420 2886 442 2925 et
450 2881 519 2940 jacta
530 2879 567 2925 vei
579 2885 648 2925 aucta
658 2878 738 2939 edidit,
772 2879 902 2929 Puteolano
917 2879 1046 2928 inductum.
1081 2879 1157 2943 quue
1170 2878 1242 2926 habet
1254 2887 1290 2926 et·

221 2939 285 3001 quod
304 2940 375 2987 mcuti
395 2949 450 2988 suut
466 2941 575 2989 Beroald.
593 2941 648 2989 Alc.
674 2943 739 2992 Rhe·
771 2943 818 2991 iam
831 2944 910 2992 Gnelf.
925 2959 981 2991 mox
991 2950 1014 2992 ct
1025 2944 1085 2992 male
1091 2945 1117 3008 f.
1133 2944 1205 2991 Eas.
1223 2942 1287 2993 itud

222 3017 297 3051 nanus
317 3010 404 3061 sutem,
428 3004 514 3062 Aldus,
534 3004 564 3053 Li
593 3005 628 3053 'us
649 3006 739 3057 edidere
766 3016 830 3069 post.

221 3069 296 3115 nimia
312 3074 335 3115 et
343 3068 495 3130 fislsojacta,
511 3085 543 3131 qu
587 3070 739 3120 nesciocura
808 3074 955 3120 Presidium
980 3070 1130 3134 isnmanioit]
1157 3072 1196 3121 Ita
1214 3070 1287 3119 MSS.

221 3130 623 3191 Gronoviomutatum,etueioucta
631 3134 737 3185 additum
770 3133 807 3182 A:
822 3137 887 3200 vulgi
902 3137 979 3197 lectio,
995 3138 1049 3184 inde
1063 3138 1174 3184 munivit.
1206 3136 1288 3198 Suspi-

219 3196 257 3243 sit.
282 3195 347 3244 Mihi
357 3204 435 3245 autem
440 3200 508 3259 jacta
519 3198 555 3245 rel
565 3197 642 3259 potius
644 3201 737 3260 jactata
770 3200 909 3263 earipossis,
923 3201 1101 3265 antiquefuisse
1116 3202 1285 3248 eadomanivit.

218 3260 293 3322 magis
311 3260 394 3323 placet,
414 3276 486 3325 quam
507 3269 583 3309 aucta
603 3272 607 3277 '
624 3263 689 3309 Nam
711 3267 736 3311 sl
770 3262 813 3311 Uti
829 3265 892 3327 apud
908 3264 1005 3314 Livium
1020 3269 1044 3325 5,
1059 3267 1098 3314 39.
1130 3267 1287 3313 Junentutem

218 3339 305 3385 augere
316 3325 367 3385 jam
382 3325 455 3373 estin
471 3326 563 3373 nimio:
580 3326 663 3374 deinde
670 3327 737 3389 falso
769 3328 899 3376 militarem
915 3332 1060 3390 Senatusque
1078 3330 1150 3375 robur
1166 3331 1192 3375 in
1208 3341 1287 3374 arcem

216 3397 299 3451 aptnm
321 3396 356 3435 est
371 3390 405 3445 τῷ
418 3392 510 3451 jactata
529 3404 576 3438 non
594 3392 628 3447 τῷ
645 3397 734 3441 aucta:
768 3394 948 3454 cops'toiiamqae
972 3394 1137 3440 conscendere:
1166 3392 1286 3452 armisque

215 3452 271 3500 huic
285 3451 348 3499 enim
363 3452 449 3500 frustra
464 3452 564 3513 additur,
581 3467 635 3501 cum
652 3470 694 3517 per
710 3472 748 3505 se·
766 3462 790 3502 et
798 3457 925 3519 stramento
940 3457 1037 3516 collatis,
1054 3472 1083 3503 err
1099 3458 1148 3503 iaco
1162 3457 1217 3503 inde
1232 3471 1286 3502 niss-

213 3515 364 3577 intelligatur,
376 3529 418 3563 nec
432 3516 487 3563 addi
502 3518 581 3566 soleat.
608 3516 685 3565 Aliud
699 3528 735 3569 est
767 3522 818 3567 nito
834 3522 897 3568 Deos
907 3522 1086 3581 hominesqaeet
1097 3521 1233 3568 Rauranum
1243 3534 1286 3566 sso-

214 3578 240 3626 in
248 3581 341 3640 sotrum
352 3595 447 3641 erigere,
458 3580 482 3627 h.
494 3596 513 3629 e.
526 3579 632 3645 augendo
647 3580 732 3631 falsum
766 3598 820 3632 men
830 3586 967 3649 defendere:
979 3584 1115 3648 scripserim,
1125 3585 1284 3631 ariomanita.

213 3642 308 3700 efficere,
320 3643 557 3707 aliudfolsoougere.
587 3645 659 3692 Porro
668 3646 733 3694 aliud
765 3646 842 3695 hirs.
876 3648 944 3696 Nihil
956 3648 995 3697 hic
1008 3648 1185 3696 sollicitandum.
1219 3647 1284 3695 Nam

213 3716 248 3757 est
256 3706 421 3770 jacere,aliud
429 3711 530 3770 jactare.
564 3708 629 3757 Illud
640 3708 732 3773 dicimr,
765 3711 1097 3775 sademvisestverbiquam
1108 3711 1283 3760 eorrectiombus

214 3787 267 3820 cum
289 3771 374 3835 aliquis
395 3771 511 3819 interdum
533 3772 628 3837 aliquid,
649 3774 730 3834 obiter,
764 3786 880 3837 quarunt.
904 3775 942 3824 Sic
956 3777 1020 3824 Suet.
1037 3776 1092 3835 'filu
1103 3779 1143 3825 30.
1157 3778 1184 3823 in
1194 3783 1283 3838 proso.

213 3834 348 3898 suspicionis
354 3836 481 3896 movenda,
487 3837 615 3899 pungendi,
621 3837 732 3886 irridendi
764 3841 811 3895 rio,
822 3843 862 3887 cui
873 3842 993 3903 Spelunca
1004 3855 1095 3901 noma,
1111 3843 1283 3899 incessantem,

213 3915 302 3957 caussa,
314 3898 384 3947 dicit:
401 3898 607 3948 sidenostrumA.
620 3901 690 3959 1‚10.
704 3904 729 3963 2,
764 3906 886 3965 complura
902 3919 974 3966 eoqtse
990 3906 1097 3966 ingentia
1110 3903 1284 3967 sara'fosiaito

214 3963 521 4023 tantundemst.
538 3965 577 4025 ll,
589 3968 625 4014 13.
642 3968 681 4025 12,
690 3967 730 4013 64.
763 3981 862 4029 superne
872 3970 965 4030 delapsa
976 3976 1039 4016 sunt.
1063 3970 1098 4016 Ut
1108 3972 1236 4015 incessante
1246 3981 1280 4025 so,

213 4037 255 4075 etc.
288 4026 360 4076 Adde
374 4043 428 4093 quse
444 4027 474 4076 de
489 4030 514 4077 h.
530 4045 551 4076 v.
565 4028 682 4079 viridanti
699 4030 730 4079 ad
761 4041 798 4077 est
808 4047 882 4094 quum
893 4032 1182 4090 summouentem
1192 4035 1280 4076 imma-

212 4089 308 4138 Livium
325 4096 366 4152 25,
378 4095 400 4141 t.
417 4101 440 4140 et
455 4092 511 4140 alibi
530 4093 653 4145 dixenrnt:
675 4094 728 4150 hoc,
762 4097 825 4143 sivit
836 4105 871 4144 est
880 4096 967 4144 ibidem
978 4096 1085 4143 munivit.
1103 4096 1195 4143 Gaou.
1221 4093 1281 4141 Aci·

214 4168 268 4201 cum
278 4155 364 4216 palam,
375 4159 461 4215 crebro,
469 4156 532 4221 apud
540 4171 635 4207 omues:
647 4158 729 4222 inpri-
761 4158 838 4209 dalius
854 4161 988 4221 conjecerat,
1010 4161 1069 4207 inibi
1080 4161 1191 4207 munivit.
1207 4157 1279 4205 Ean.

213 4218 304 4279 misque
314 4221 404 4279 jactari
417 4221 526 4270 dicuntur
542 4236 586 4281 res,
598 4236 651 4285 quae
665 4223 728 4270 tama
761 4221 826 4273 Bnd.
840 4226 979 4271 {emunivit

212 4281 363 4330 celebrantur.
407 4284 454 4333 Pro
466 4290 572 4350 jactatus
593 4302 608 4335 a
629 4284 727 4335 librariis
758 4344 761 4349 Ι
792 4290 925 4349 Degeneres
936 4286 1039 4349 instate]
1052 4287 1107 4335 Non
1118 4286 1221 4349 indigna
1231 4302 1274 4335 no·

212 4344 309 4407 subinde
331 4347 440 4409 smiptnm
457 4354 537 4412 jeseias
558 4350 648 4400 docebit
665 4350 726 4399 Dra.
759 4352 823 4399 mine
846 4353 963 4410 Romano,
987 4361 1029 4399 aut
1059 4353 1110 4415 ipso
1139 4351 1279 4409 Corbulone,

211 4407 280 4459 kanb.
297 4408 326 4460 ad
344 4409 395 4459 Liv.
415 4413 452 4473 10,
470 4416 509 4471 37.
531 4417 586 4465 item
603 4422 668 4464 octus
685 4430 726 4481 pro
758 4411 814 4479 quia
831 4431 914 4480 nempe
931 4417 955 4464 in
976 4416 1128 4481 transfugam,
1150 4425 1171 4464 et
1191 4416 1279 4467 miuus
