3042 4950
231 252 264 297 s.
282 257 308 296 ο.
323 241 385 314 ss]
606 213 699 301 ‘mn
715 241 769 301 xr.
789 244 875 303 car.
895 246 943 302 ss.
1255 243 1293 301 ss

157 445 159 450 -
229 399 411 489 ferrumque
424 403 551 490 accepit,
567 404 653 491 quod
666 406 783 468 frustra
800 402 914 490 jugulo
928 424 965 466 ac
977 402 1105 488 pectori,
1127 425 1183 490 per
1197 403 1291 491 trepi-

229 485 395 566 dationem,
410 487 586 567 admovens,
606 488 671 552 ictu
684 488 818 552 Tribuni
832 487 936 551 transfi
962 487 1033 551 tur.
1056 490 1179 572 Corpus
1197 488 1289 552 matri

229 593 416 635 concessum.
459 573 710 660 Nuntiatumque
726 571 860 638 Claudio
874 594 913 659 ep
947 571 1023 650 anti,
1040 573 1190 718 “perisse
1202 576 1288 638 Mes-

229 653 394 732 sallinam,''
408 678 470 720 non
481 656 635 737 distincto,
648 682 755 722 suaan
765 658 865 722 aliena
874 680 984 720 manu:
1000 656 1074 720 nec’
1101 678 1118 719 e
1149 658 1287 722 uaesivit:

227 739 367 835 poposcit
390 764 429 804 ue
443 742 590 827 poculum
605 758 636 808 et
650 744 740 808 solita
750 741 890 806 convivio
900 740 1074 806 celebravit.
1144 764 1161 802 e
1176 743 1288 806 secutis

228 822 355 908 qu1dem
367 763 490 904 iiebus,
506 827 579 906 odii,
598 828 717 914 gaudii,
733 829 798 905 irae,
814 826 956 904 tristitiae,
971 825 1065 889 ullius
1078 823 1212 910 denique
1228 826 1288 890 hu-

227 907 312 972 mani
325 908 466 974 adfectus
482 910 570 998 signa
585 913 688 990 dedit3
705 935 778 991 non,
794 935 866 975 cum
880 911 1019 975 laetantes
1030 923 1220 973 accusatores
1234 911 1289 972 ad-

228 993 369 1078 spiceret,
384 1018 457 1074 non,
473 1019 544 1060 cum
558 997 636 1061 filios
650 1009 821 1060 moerentes.
857 998 880 1058 J
883 996 1011 1081 uritque
1022 994 1207 1058 oblivionem
1221 995 1289 1080 ejus

229 1079 372 1158 Senatus,
383 1081 545 1160 censendo,
562 1088 584 1121 “
594 1103 707 1145 nomen
720 1096 751 1144 et
762 1081 876 1166 effigies
889 1080 1017 1166 privatis
1027 1103 1062 1143 ac
1073 1077 1204 1166 publicis
1215 1079 1290 1145 locis

228 1162 462 1229 demovendas.'’
504 1167 638 1230 Decreta
658 1165 804 1230 Narcisso
827 1173 848 1204 “
864 1164 1037 1242 Quaestoria
1056 1164 1223 1249 insignia;”
1245 1164 1289 1228 le-

228 1247 386 1312 vissimum
410 1248 526 1313 fastidii
551 1252 629 1337 ejus,
657 1274 728 1314 cum
755 1273 850 1336 supra
872 1249 1045 1312 Pallantem
1071 1262 1102 1311 et
1124 1247 1287 1313 Callistum

226 1346 341 1427 ageret.
386 1335 528 1482 anesta
541 1335 680 1421 quidem,
695 1335 749 1400 sed
763 1357 803 1398 ex
817 1334 933 1421 quibus
947 1332 1111 1397 deterrima
1122 1331 1287 1411 orirentur,

227 1417 357 1482 tnsu'tiis
370 1441 425 1483 mu
438 1418 489 1486 tia.

259 1593 316 1640 Ista
336 1593 436 1640 Tritani
452 1595 614 1658 transfigitur]
646 1593 742 1660 Malim,
773 1594 799 1642 in
814 1594 946 1658 parenthesi
956 1593 1094 1656 accipienda
1110 1594 1131 1640 si
1144 1594 1238 1641 botrata
1252 1609 1289 1642 re·

228 1657 380 1717 transigitur.
396 1657 470 1706 Iura.
774 1658 847 1706 fertur
865 1659 895 1706 ad
914 1660 1020 1720 insignia
1041 1660 1174 1719 qaastorQ
1192 1666 1220 1704 ut
1238 1658 1289 1722 opi-

260 1722 332 1768 Priv.
343 1736 371 1767 ac
377 1723 453 1784 pubi]
472 1722 510 1769 Ac
520 1721 598 1770 Rhen.
607 1737 637 1770 ex
645 1723 709 1771 Bud.
774 1731 874 1779 nantum
891 1722 932 1770 sed
942 1721 995 1770 vide
1004 1737 1067 1770 mox·
1087 1721 1158 1768 Ean.

259 1785 419 1832 Levissimum
427 1787 527 1849 fistigii
539 1789 614 1898 ssjssspu
619 1787 678 1836 Haec
688 1803 742 1836 cum
807 1789 914 1834 Honesta
925 1787 1017 1848 quidem
1028 1786 1084 1851 etc]
1102 1785 1161 1834 Hac
1170 1786 1242 1848 vulgo
1252 1801 1288 1833 re·

225 1847 292 1895 lineis
313 1849 434 1910 postumia,
454 1858 569 1911 corrupta,
608 1851 677 1911 ulca,
700 1867 742 1899 nec
774 1850 880 1898 seruntur
901 1851 931 1898 sd
954 1851 1091 1908 Qsoestm
1111 1852 1223 1912 insignia,
1248 1849 1288 1898 sed

225 1913 311 1972 iurant
327 1921 368 1960 aut
384 1912 513 1976 discrepant
528 1914 590 1973 libri,
608 1915 653 1963 nisi
669 1915 741 1978 quod,
774 1915 841 1962 nullo
857 1913 978 1962 commodo
997 1929 1081 1962 sensus
1106 1927 1148 1962 nac
1166 1914 1288 1976 patiuntur

226 1976 335 2023 tristitiis
346 1979 437 2038 institis,
449 1992 496 2024 non
506 1980 623 2040 flagitiis,
641 1979 676 2026 uti
687 1981 743 2027 sub·
775 1978 901 2041 sequentia,
913 1993 967 2041 quaa
980 1978 1081 2040 protecto
1091 1991 1138 2024 non
1151 1987 1201 2026 orta
1210 1986 1288 2025 sunta

226 2038 328 2086 stituisse
338 2039 423 2088 fatetur
431 2040 566 2089 Rhenanus.
583 2043 636 2104 Ego
644 2044 673 2090 ab
682 2044 743 2102 ejus-
774 2041 913 2099 Quintionis
931 2041 1067 2103 insignibus,
1085 2042 1226 2104 omninoque
1243 2041 1289 2088 illis

227 2103 291 2149 modi
309 2102 424 2150 ulceribus
442 2105 557 2163 mandis,
574 2107 624 2152 sani
643 2105 743 2152 hominis
774 2105 872 2152 Senatus
887 2104 988 2151 decretis.
1021 2104 1116 2151 Primus
1131 2104 1244 2166 Ryclriua
1261 2113 1289 2152 ut

226 2166 566 2279 titrl’fflttttttl
580 2168 742 2280 iimflislj
773 2167 1198 2292 &iiiiiiffliiiili‘
1234 2169 1289 2280 ti:

227 2292 304 2340 Iura.
327 2245 400 2340 Mies.
410 2294 472 2341 nor.
482 2294 557 2344 Vatia.
570 2247 708 2343 duoyi‘tuetl.p
706 2312 741 2360 pr.
773 2295 798 2342 in
809 2295 855 2342 flue
865 2247 952 2343 rerunil
958 2309 1103 2358 magnarum.
1136 2295 1183 2342 Sed
1197 2311 1240 2358 ego
1250 2297 1288 2343 in·

220 2358 329 2420 fastidii,
338 2357 401 2421 quod
413 2373 455 2419 ego
463 2358 561 2420 recipere
571 2374 617 2406 non
628 2360 740 2420 dubitari,
774 2374 843 2422 super
853 2359 966 2414 existimo,
983 2359 1021 2406 hic
1037 2360 1107 2406 verba
1121 2359 1228 2421 quadam
1246 2375 1289 2407 ex·

227 2421 468 2468 convenientissimum
492 2421 611 2485 impotenti
636 2433 658 2471 et
681 2440 742 2472 arro-
773 2423 862 2485 cidisse,
882 2438 982 2488 quorum
998 2422 1023 2469 in
1041 2423 1078 2470 his
1096 2423 1153 2470 ratio
1172 2423 1289 2484 reddamr,

226 2486 291 2547 gasti
301 2485 388 2533 liberto.
421 2485 502 2533 Gratia
512 2486 588 2535 liberti
598 2502 644 2536 non
659 2488 742 2537 dicitur
774 2488 852 2535 velut:
875 2490 924 2536 bac
938 2495 989 2535 tam
1003 2496 1054 2535 acta
1066 2490 1171 2549 flagitiis
1187 2490 1289 2535 Messal-

227 2548 326 2607 Latinis,
338 2556 365 2595 ut
373 2549 462 2610 opinor,
467 2551 607 2611 fastigium.
640 2552 691 2600 Nec
702 2556 743 2601 ob·
774 2554 829 2599 liaoe
846 2553 997 2599 abieratis
1014 2560 1063 2612 aut
1081 2554 1129 2598 isaec
1144 2554 1259 2613 supplicia
1272 2569 1288 2599 a

227 2620 279 2723 ἒς
291 2612 427 2723 1qtltyckio
442 2612 540 2722 crispetur,
556 2614 625 2725 quodt
637 2615 741 2725 hictllau-
773 2617 915 2726 „initimum
928 2623 951 2725 a}
962 2617 1074 2726 adsibpis
1058 2622 1243 2727 1θοῖἔηιιξιαὶὲωαιιι
1252 2617 1288 2729 tii:

268 2692 542 2727 emossumvoursse
580 2694 741 2727 aausvrea·
817 2695 882 2727 em
1004 2694 1039 2726 cra
1117 2694 1128 2725 r
1211 2695 1235 2726 m

227 2747 273 2787 tur.
294 2741 355 2789 Vult
362 2740 443 2803 dicere,
452 2756 507 2788 euru
518 2741 628 2789 honorem
639 2742 743 2791 Narcissi
773 2742 834 2790 lium
840 2694 1010 2791 quamtioiirlislr
1029 2742 1153 2801 clausulas,
1170 2752 1199 2791 ut
1213 2744 1244 2791 Α.
1261 2746 1287 2805 3,

227 2804 429 2868 superbiaeparum
440 2805 581 2865 satisfecisse,
590 2821 645 2853 cum
655 2806 743 2855 insula
776 2806 813 2855 la.
829 2808 891 2871 inpr.
908 2808 952 2855 hoc
970 2808 1021 2869 ipso
1038 2807 1098 2854 libro
1112 2822 1132 2854 c.
1151 2808 1190 2853 26.
1223 2808 1288 2856 Nam

227 2868 329 2931 primum
338 2869 416 2931 gratia
423 2869 502 2917 locum
509 2878 602 2918 teneret.
613 2870 675 2917 Plin.
683 2870 741 2918 Pan.
774 2873 843 2919 ruba
850 2872 944 2918 honesta
954 2872 1054 2931 quidem,
1063 2872 1103 2917 ssd
1113 2884 1142 2917 ca
1153 2873 1235 2931 quibas
1245 2882 1287 2920 etc.

229 2934 269 2980 55.
291 2935 324 2980 Ut
334 2940 454 2994 appareat,
466 2948 511 2980 aon
522 2936 630 2995 superbia
641 2936 743 2996 etsisti·
774 2949 863 2983 neeesse
873 2944 908 2983 est
917 2935 1016 2983 babeant
1026 2933 1124 2996 aliquid,
1134 2934 1165 2981 ad
1176 2935 1238 2997 quod
1252 2952 1290 2984 re-

228 2996 267 3043 dio
284 3003 306 3043 ts
321 2999 478 3058 amplissimos
496 2999 592 3049 bonores
608 3000 741 3059 repudiare,
775 2997 892 3056 tarantum
909 2998 972 3062 quod
982 2998 1020 3045 hia
1030 3012 1146 3061 nusquam
1157 3007 1198 3045 est
1216 3000 1287 3047 Ean.

228 3063 269 3121 qai
285 3062 386 3107 minores
402 3075 448 3107 aon
464 3062 604 3122 dedigneris.
636 3062 685 3110 Ubi
702 3078 744 3125 pa·
805 3065 921 3124 Flagitiis
932 3060 1025 3123 inultis]
1042 3061 1115 3109 Mss.
1126 3061 1172 3109 fere
1183 3064 1290 3111 tristitiis

227 3122 283 3170 riter
293 3124 318 3169 in
328 3124 377 3171 cod.
388 3124 465 3173 vatic.
476 3127 604 3187 sastigioa
639 3126 743 3174 Schwar·
774 3127 856 3173 maltis
869 3128 905 3174 rel
925 3127 1016 3172 inultis.
1046 3125 1102 3174 vid.
1119 3134 1198 3173 notam
1213 3126 1289 3190 Lipsii

227 3186 390 3235 siumadbl.
417 3188 545 3236 Ceteriscr.
557 3190 591 3243 (in
619 3190 709 3251 isAgr.
719 3198 742 3238 et
773 3189 1058 3253 proximepraecedentem.
1084 3188 1173 3253 napi.
1182 3192 1290 3238 tristitiis

226 3248 396 3325 Reqliyclrb)
415 3258 438 3299 ct
455 3252 507 3299 edd.
516 3254 627 3315 fastigii.
658 3254 742 3301 Enim·
774 3255 839 3312 altis,
854 3262 877 3301 et
889 3253 970 3317 paullo
985 3252 1286 3315 aequissumum.
1373 3269 1376 3274 ·

226 3328 281 3361 vero
301 3329 343 3361 nec
362 3329 394 3362 arc
410 3316 488 3363 locum
507 3326 655 3379 persanatum
675 3325 741 3379 puto.
774 3326 797 3364 et
818 3332 880 3381 seqq.
894 3319 1000 3379 flagitiis
1017 3319 1108 3376 maltis,
1126 3316 1202 3365 nescio
1217 3318 1288 3367 unde.

227 3377 289 3437 Quis
306 3378 368 3425 enim
378 3378 439 3427 dicat
449 3380 496 3425 lave
505 3380 605 3441 fastidii
618 3381 654 3429 vel
666 3382 741 3443 sasti-
773 3380 850 3428 Rhea.
862 3381 919 3429 Ald.
930 3394 972 3429 eta
983 3382 1090 3442 flagitiis
1107 3382 1287 3440 iaaitis,eoon.
1349 3379 1355 3395 ⁸

224 3442 286 3503 gii?
302 3442 380 3489 Immo
401 3442 533 3490 asiidiovel
542 3444 653 3506 fastidiis
664 3444 741 3507 potius
771 3445 860 3504 jactura
868 3444 982 3494 Rhenani.
1015 3446 1132 3506 Flagitiis
1141 3447 1223 3493 maltis
1233 3446 1289 3493 nul.

226 3504 360 3568 legendum.
403 3503 450 3552 ian.
482 3506 545 3553 Bud.
556 3508 666 3571 fastigii,
678 3508 741 3571 quod
773 3506 824 3555 lum
840 3509 988 3556 commodum
1007 3523 1101 3556 sensum
1117 3508 1187 3555 habet
1202 3508 1227 3556 in
1243 3509 1287 3559 hoc

226 3568 288 3617 Rae.
303 3568 445 3643 35.praeseat
459 3567 542 3617 Hillar.
574 3571 639 3621 Bene
653 3572 741 3636 quippe
773 3580 889 3620 contextu.
915 3572 1184 3634 Messallinaflagitiosa:
1201 3573 1288 3621 sedA·

226 3630 252 3677 id
266 3646 384 3687 contenire
394 3631 474 3691 favori,
486 3648 534 3697 quo
549 3634 642 3683 libertos
657 3644 741 3685 ceteros
772 3635 824 3698 grip
841 3635 847 3646 ”
865 3636 1014 3685 abdnomsa
1024 3646 1047 3684 et
1057 3636 1170 3685 scelerata.
1203 3637 1288 3700 Itaque

227 3695 291 3758 apud
309 3694 434 3743 Claudium
448 3696 526 3744 vicent
542 3698 673 3747 Narcissus.
705 3700 741 3747 At
772 3714 869 3762 praeto
879 3703 985 3748 tristitiis
998 3703 1097 3748 maltisi
1115 3700 1155 3747 sed
1170 3700 1195 3747 id
1210 3716 1288 3749 corru-

227 3759 303 3819 potior
312 3759 407 3807 omnino
417 3758 488 3809 altera
497 3761 573 3823 lectio,
584 3765 684 3825 fastidii
694 3764 710 3811 i.
721 3780 742 3811 e.
772 3771 841 3825 ptum
852 3764 942 3811 videtur
949 3781 962 3812 e
970 3767 1074 3812 tristitia
1082 3765 1171 3825 maltis,
1183 3765 1230 3812 sive
1241 3769 1286 3812 tri·

227 3823 370 3884 arrogantia.
773 3830 971 3875 misdmamaitis.
999 3831 1098 3884 Sensus;
1111 3828 1287 3892 Rectaquidem

262 3888 325 3935 Cam
340 3902 413 3950 supra
423 3888 570 3953 Pallantem]
600 3891 638 3939 Sic
651 3891 742 3941 inMS.
773 3890 909 3939 Messallina
918 3908 972 3939 cum
982 3892 1195 3954 adultampunitas
1210 3892 1288 3940 sedca

227 3948 290 3998 Flor-
311 3966 359 4025 esse
378 3951 440 3999 testis
460 3952 485 3999 J.
504 3952 577 4001 Gran.
596 3956 680 4030 scripta
701 3972 742 4031 per
773 3955 837 4017 origo
858 3971 971 4004 novorum
993 3956 1125 4029 malorum:
1154 3970 1209 4031 pam
1233 3955 1288 4029 hinc

228 4015 743 4145 tttffltttttttttsitfflt
773 4019 990 4132 tatastat?
1002 4019 1289 4146 litlttttttt:

229 4148 320 4189 amara
336 4145 466 4202 attollatur,
483 4145 597 4193 occurrit:
616 4162 670 4195 sane
683 4150 741 4209 jam,
774 4147 837 4194 tibus
846 4148 911 4196 libris
921 4148 1050 4195 aeduntur.
1065 4147 1137 4192 Ena.
1166 4144 1288 4193 Budas-
1311 4152 1317 4162 ‘

230 4202 316 4265 dejecta
342 4206 485 4267 Messallina,
510 4209 638 4273 principem
664 4211 743 4259 locum
775 4212 850 4258 stitiis
863 4214 951 4259 inuitis.
978 4212 1034 4273 Bip.
1044 4207 1170 4268 conjiciunt
1180 4210 1288 4257 tristitiis

231 4270 306 4316 tenuit
316 4270 375 4319 inter
388 4271 481 4320 libertos
496 4280 606 4336 poterrtes.
639 4274 744 4337 Ryckius
774 4278 874 4323 mactis
891 4276 939 4323 ie.
956 4283 983 4321 ut
999 4273 1101 4321 aistibus
1119 4272 1218 4321 tristiora
1236 4289 1289 4320 suc-

234 4330 306 4380 eslidit
314 4350 390 4409 saper.
403 4387 406 4391 ,
419 4335 451 4382 V.
463 4336 493 4383 sd
505 4338 544 4397 la,
560 4340 584 4386 9.
596 4338 632 4385 ed.
642 4354 677 4401 pr.
687 4354 743 4386 mox
776 4338 888 4389 oederent.
911 4338 994 4388 Hsslcr.
1002 4338 1059 4385 Bac
1071 4337 1113 4384 ³5.
1123 4339 1218 4386 astutiis
1229 4338 1290 4384 mai.

235 4398 550 4465 sgsrstutioscproageret.
583 4401 746 4452 Ostemmista
779 4404 817 4449 tis.
