3042 4950
215 223 271 287 no
618 219 848 284 ANNALmM
1104 229 1277 301 [susm.

211 381 363 450 cationes’'
373 380 505 447 habitae:
524 388 546 421 “
561 392 736 473 statuaeque
746 400 780 451 et
789 408 879 453 arcus
890 400 922 454 et
936 388 1075 453 continui
1088 390 1278 456 Consulatus

211 468 370 554 Principi:
394 467 492 555 utque
511 468 592 533 inter
606 470 700 535 festos
721 473 889 537 referretur
902 472 984 554 dies,
1007 495 1072 561 qno
1089 489 1212 562 patrata
1232 478 1279 540 vi·
1371 492 1374 495 ⁴

207 554 314 633 ctoria,
334 576 398 641 quo
419 554 573 633 nuntiata,
596 578 661 641 quo
684 556 818 623 relatum
838 558 878 622 de
900 582 937 622 ea
957 564 1065 640 osset,''
1087 562 1220 649 aliaque,
1243 562 1276 625 in
1330 579 1335 583 ·

208 640 339 705 eandem
359 641 503 718 formam,
526 639 747 719 decernuntur,
770 644 849 707 adeo
870 644 1000 708 modum
1019 670 1151 731 egressa,
1175 661 1213 711 ut
1234 648 1273 713 C.

208 726 343 803 Cassius,
366 725 405 789 de
427 726 535 790 ceteris
557 725 729 791 honoribus
743 728 903 807 adsensus,
924 735 946 782 ‘v‘
962 730 988 793 si
1005 753 1065 816 pro
1084 732 1276 819 benignitate

206 812 342 877 fortunae
357 812 428 876 Diis
441 822 546 897 grates
559 823 737 898 agerentur,
753 836 793 877 ne
807 825 911 878 totum
925 814 1053 899 quidem
1067 838 1185 881 annum
1200 837 1274 904 sup-

205 896 424 983 plicationibus
439 896 606 974 sufficere?
620 896 800 963 disseruerit
815 906 836 937 “
847 922 949 986 eoque
958 914 1102 987 oportere
1112 901 1211 967 dividi
1225 926 1273 967 sa·

204 1005 274 1047 cros
293 996 325 1046 et
343 982 520 1071 negotiosos
539 981 616 1063 dies,
637 982 708 1069 quis
722 984 830 1049 divina
844 985 989 1065 colerent,
1004 999 1037 1051 et
1054 987 1193 1052 humana
1210 1011 1280 1060 non,

204 1068 236 1131 in
299 1068 413 1131 irent.''

239 1068 365 1217 pliliII.
398 1151 504 1218 Variis
526 1152 637 1217 deinde
656 1156 778 1220 casibus
795 1156 943 1255 jactetuS,
959 1169 991 1222 et
1007 1157 1179 1223 multorum
1200 1158 1272 1223 odia

202 1238 332 1303 meritus
346 1261 429 1317 reus,
444 1238 529 1302 haud
545 1252 649 1303 tamen
664 1240 728 1304 sine
741 1242 860 1305 invidia
875 1240 1009 1321 Senecae,
1025 1243 1201 1308 damnatur.
1239 1244 1272 1307 Is

202 1324 266 1389 fuit
284 1324 322 1388 P.
344 1324 472 1403 Suiliuct,
493 1323 689 1410 imperitante
712 1326 847 1391 Claudio
868 1328 1014 1392 terribilis
1035 1352 1071 1391 ac
1091 1330 1219 1408 venulis,
1238 1340 1271 1392 et
1374 1398 1377 1400 Α

202 1409 374 1475 mutatione
389 1424 576 1497 temporum,
593 1430 667 1488 non,
683 1425 838 1497 quantum
852 1412 969 1477 inimici
983 1427 1143 1499 cuperent,
1158 1413 1272 1478 demis·

204 1518 276 1570 sus3
307 1495 426 1581 quique
451 1518 483 1560 se
508 1507 671 1559 nocentem
696 1495 807 1576 videri,
833 1519 930 1584 quam
953 1498 1127 1585 supplicem
1152 1498 1267 1564 mallet.

203 1582 289 1667 Ejus
302 1580 499 1667 opprimendi
518 1582 624 1666 gratia,
633 1582 802 1667 repetitum
815 1582 1001 1648 credebatur
1016 1582 1276 1653 senatusconsul-⁴

203 1680 283 1745 tum,
298 1688 454 1753 poenaque
470 1666 586 1731 Cinciae
604 1666 692 1752 legis,
708 1667 857 1733 adversus
876 1692 939 1748 eos,
954 1670 1011 1756 qui
1028 1669 1130 1756 pretio
1147 1692 1270 1734 caussas

203 1751 390 1817 oravissent:
413 1774 471 1817 nec
487 1750 603 1816 Suilius
620 1766 734 1838 questu
749 1766 806 1818 aut
824 1755 1063 1842 exprobratione
1082 1755 1268 1833 abstinebat,

203 1849 318 1926 praeter
331 1837 476 1902 ferociam
491 1836 597 1917 animi,
613 1855 752 1903 extrema
767 1851 889 1903 senecta
904 1840 993 1918 liber,
1009 1854 1042 1905 et
1057 1844 1205 1906 Senecam
1223 1842 1271 1903 in-

201 1942 351 2009 crepans:
367 1929 399 1961 '⁶‘
414 1922 571 1988 insensum
594 1922 700 1987 amicis
726 1924 863 2003 Claudii,
890 1927 950 1990 sub
972 1948 1037 2011 quo
1060 1925 1270 2011 justissimum

201 2006 346 2073 exsilium
364 2008 550 2094 pertulisset.
597 2007 696 2073 Simul
711 2010 822 2075 studiis
835 2010 998 2090 inertibus,
1012 2023 1043 2076 et
1053 2014 1210 2096 juvenum
1223 2012 1272 2076 in·

202 2093 322 2181 peritiae
338 2110 474 2173 suetum,
495 2094 591 2159 livere
610 2093 668 2172 his,
687 2094 743 2180 qui
761 2095 899 2159 vividam
918 2110 951 2161 et
971 2096 1184 2183 incorruptam
1206 2097 1270 2162 elo-

201 2178 364 2267 quentiam
385 2177 509 2245 tuendis
530 2179 650 2245 civibus
675 2194 861 2246 exercerent
907 2184 948 2247 Se
971 2184 1165 2261 Quaesturam
1188 2184 1269 2247 Ger·

200 2264 333 2329 manici:
360 2264 452 2330 illum
476 2265 589 2349 domus
614 2266 682 2365 ejus
704 2266 885 2332 adulterum
909 2268 1016 2332 fuisse.
1060 2268 1120 2331 An*
1142 2270 1270 2353 gravius

199 2350 452 2429 existimandum,
465 2362 574 2437 sponte
587 2350 751 2435 litigatoris
765 2352 929 2437 proemium
942 2352 1082 2416 honestae
1096 2373 1201 2449 operae
1214 2354 1270 2417 ada

200 2435 299 2524 sequi,
323 2458 419 2523 quam
441 2458 645 2522 conrumpere
673 2436 818 2501 cubicula
844 2436 1026 2525 Principum
1056 2437 1268 2506 femmarum?

199 2525 273 2602 Qua
294 2521 462 2620 sapientia,
476 2522 603 2620 quibus
613 2520 870 2621 philosophorum
891 2524 1066 2623 praeceptis,
1087 2523 1177 2623 intra·
1191 2549 1267 2613 qua-

118 2622 120 2628 ’
200 2609 378 2674 drienmum
399 2631 493 2695 regite
515 2620 668 2686 amicitiae,
683 2620 731 2673 ter
750 2609 861 2674 millies
880 2623 1055 2676 sestertium
1073 2617 1267 2697 paravisset?

201 2781 293 2833 Deinde
307 2786 383 2848 proct
397 2781 544 2830 SCtoesten
555 2781 639 2837 SCt03
656 2779 719 2844 quod
749 2779 786 2830 dic
799 2784 927 2844 juvenum.
958 2781 995 2830 At
1014 2781 1070 2832 MS.
1091 2778 1171 2832 uuelt
1192 2800 1207 2830 a
1222 2788 1266 2848 ju·

200 2863 282 2897 verum
293 2856 343 2897 est:
355 2861 424 2910 porro
434 2843 515 2894 vitiose
525 2845 717 2906 supplicationes-
750 2850 845 2893 uentutc
854 2847 966 2908 imperita
977 2854 1076 2896 mum.
1098 2846 1171 2896 Enii·
1201 2849 1266 2898 Bnd.

199 2928 245 2978 que
255 2921 308 2976 post
317 2911 367 2960 Dte
376 2917 465 2970 grates.
498 2907 606 2956 Tandem
621 2915 643 2956 et
654 2923 718 2970 oequc
749 2909 791 2958 al.
807 2925 841 2957 m
857 2911 938 2968 livere,
956 2911 1019 2975 quod
1033 2914 1059 2960 2.
1072 2926 1105 2960 m.
1119 2913 1145 2960 in
1160 2915 1266 2962 invidere

201 2983 307 3040 oportere
321 2977 454 3024 dividi...
468 2975 573 3021 colerent.
608 2973 717 3022 Colcrcot
748 2973 856 3022 mutavit.
878 2975 1073 3041 Idonjuuencm.
1101 2977 1265 3026 Rhemcxin-

200 3041 296 3107 quidem
311 3041 381 3090 etiam
391 3035 611 3088 manicemus
626 3045 717 3085 cetera
748 3038 818 3102 genio
827 3039 934 3087 mrrexit.

199 3121 247 3172 que
265 3104 317 3154 cdd.
333 3113 387 3152 ante
400 3103 559 3152 Rhenanumr
580 3101 630 3165 qui,
646 3115 717 3165 quare
782 3105 814 3151 Sc
835 3105 980 3158 Qnaeetorem
1003 3106 1143 3155 Οιτηιαπίεί
1177 3105 1266 3155 Suiliue

200 3173 331 3220 colerentur
352 3167 487 3233 reposuerit,
507 3161 579 3230 idque
594 3175 643 3213 tam
661 3181 716 3214 oon-
749 3167 866 3230 Quaestor,
879 3168 1017 3218 Germanico
1033 3171 1101 3218 bello.
1240 3173 1265 3228 4,

201 3243 288 3284 stanter
297 3233 370 3284 secuti
378 3231 591 3291 sinteditoresnon
602 3245 717 3294 assequor.
748 3231 788 3280 31.
822 3235 902 3281 AtP.
914 3235 1021 3281 Sutltum
1033 3234 1179 3290 Quaestorem
1192 3251 1264 3296 quon-

200 3301 254 3363 Ego
271 3313 325 3348 cum
341 3298 367 3346 J.
377 3295 495 3346 Gronovlo
511 3295 609 3343 colerent
621 3294 717 3342 restitui.
748 3297 804 3344 dam
818 3297 962 3345 eanum
994 3298 1136 3346 Adulterum
1152 3299 1265 3347 Senecam

200 3366 275 3414 Eur.
304 3362 368 3412 Bud.
383 3361 717 3410 cmsuhtur...eolcrcntur.
748 3359 851 3410 indulin
860 3361 1266 3412 Gennanicifflianussevulsnixi

236 3431 264 3478 C.
277 3428 386 3491 Cassius]
404 3423 438 3476 V.
454 3426 493 3486 12,
513 3427 550 3473 11.
582 3423 620 3472 ct
637 3423 713 3487 Ryck.
748 3431 809 3473 ante.
843 3425 920 3472 Iura.
951 3426 1105 3484 MoxGuclf.
1120 3430 1265 3489 monteoli-

199 3493 266 3549 add,
280 3491 319 3542 1⁵.
542 3551 548 3566 .
606 3551 613 3564 .
748 3491 898 3565 ligetortbuc.
930 3488 1064 3554 vulgatum
1085 3490 1222 3555 exquisitius
1242 3502 1266 3540 ct

201 3625 211 3673 1
234 3551 717 3682 Mgdadaiffeldiiadiddiilffi
748 3553 990 3684 vebiiusdilium]
1009 3619 1049 3668 se
1067 3620 1146 3669 auen.
1164 3632 1178 3668 e
1198 3620 1262 3669 uua

200 3701 229 3738 co
256 3687 331 3734 tituta.
365 3683 491 3746 Namlege
502 3683 715 3744 cinctaquaepro·
749 3681 806 3730 Put.
816 3685 982 3731 estimandum.

201 3752 251 3818 pn'e
269 3749 339 3810 dicta,
359 3748 425 3796 nulla
440 3761 509 3812 poena
523 3746 645 3794 constituta
663 3747 716 3794 fuit.
786 3747 1210 3813 rermttttessesterrsum18umms
1226 3765 1263 3799 ea·
1290 3758 1295 3769 ”

201 3816 264 3868 Vide
275 3815 335 3864 dicta
345 3813 475 3862 inExcurs.
484 3811 524 3859 at.
532 3810 562 3858 ad
571 3809 718 3860 Suetonium.
748 3809 803 3859 dem
809 3811 942 3860 divitiumm
947 3813 1047 3873 Senecae,
1056 3813 1264 3876 exprecsaaDione

203 3885 275 3933 Eux-
308 3878 452 3936 cf.11,5.s
469 3909 475 3922 .
748 3874 790 3935 61,
813 3875 850 3924 lo.
868 3875 911 3942 qui
928 3891 1009 3926 onmes
1027 3893 1064 3925 res
1080 3877 1170 3924 relictas
1185 3877 1262 3934 habet,

235 3943 382 4006 Licere-latu]
395 3939 433 3990 Sic
444 3893 498 3988 ltqlS.
509 3939 572 3988 Flor.
588 3937 626 3986 cui
639 3934 715 3988 conci-
747 3946 824 4001 praeut
845 3941 923 4003 arlpet
941 3941 1018 3989 virum
1039 3941 1193 4004 inculpatum.
1225 3943 1264 3991 Ite

203 4012 239 4062 nit
249 4009 283 4058 ed
296 4025 330 4072 pr.
342 4009 422 4055 livido
432 4008 486 4052 nte.-
503 4005 559 4053 MS.
571 4003 651 4051 Guelf.
666 4004 717 4052 Pu·
748 4003 888 4051 adulterium
902 4005 939 4052 illi
953 4005 1032 4067 objicit
1047 4019 1102 4053 cum
1112 4005 1262 4070 Agrippinas

200 4075 256 4126 seol.
267 4075 390 4121 invidere:
408 4069 470 4134 quod
483 4083 564 4116 omnes
577 4069 647 4116 secuti
662 4077 718 4116 sunt
747 4067 875 4132 pullarium
891 4071 946 4116 etim
961 4069 1088 4130 fuisseaut,
1104 4069 1213 4133 idemque
1229 4070 1264 4119 vi-

202 4141 234 4190 ad
244 4137 379 4186 Pichenam.
411 4137 497 4182 Licere
507 4148 549 4197 pro
560 4132 662 4182 invidere
671 4132 717 4180 fre·
748 4131 809 4179 tium
825 4133 855 4181 ab
870 4130 911 4180 illo
926 4132 1023 4188 insiciam
1035 4133 1141 4194 Neroni:
1159 4149 1265 4183 causmm

201 4217 277 4268 quens
287 4201 342 4250 huic
353 4197 422 4250 aetati.
444 4197 629 4261 Distinguuntur
640 4206 717 4245 tamen
749 4197 1044 4261 auctoranqneinterfectae
1051 4197 1150 4246 matris:
1162 4198 1263 4263 alioque,

202 4271 276 4378 qtncrc
293 4261 315 4312 et
332 4266 437 4312 inuidere
451 4264 476 4311 in
490 4261 555 4311 nial.
568 4262 598 4310 de
613 4258 678 4310 Orat.
696 4277 718 4310 c.
749 4276 803 4326 quae
816 4261 887 4309 bomo
897 4277 978 4317 vanus,
989 4270 1072 4326 preter
1086 4261 1157 4310 fidem
1170 4270 1264 4326 praeter.

222 4333 246 4377 5.
274 4327 387 4376 Ceterum
408 4341 487 4376 omnes
504 4336 557 4376 autc
576 4325 718 4376 Rhenanum
750 4339 796 4390 que
805 4325 912 4374 omnium
927 4335 1038 4381 mentem,
1049 4326 1189 4374 convimtur
1201 4329 1265 4376 velut

204 4394 293 4441 babent
305 4395 424 4453 juvenem,
436 4407 478 4456 pro
489 4409 536 4456 quo
550 4391 590 4441 illc
603 4400 664 4440 recte
678 4391 719 4440 dc·
751 4407 764 4438 e
782 4389 893 4456 plaustro.
924 4391 1019 4451 Quibm
1037 4389 1084 4438 odii
1101 4392 1205 4441 muscis?
1217 4397 1262 4448 [aut
