3042 4950
196 280 250 335 rar
613 279 844 339 Aunauiuu
1086 280 1261 351 [A.U.812.

197 438 272 503 dam
287 462 325 502 ea
338 461 424 517 arra,
438 461 513 503 mox
526 440 723 518 Tubantum,
738 454 770 505 et
784 452 856 528 post
869 440 1054 526 Usipiorum
1071 440 1173 504 fuisse.
1205 440 1269 505 Sie-

198 524 246 587 uti
259 523 373 587 ooelum
395 524 475 601 Diis,
494 526 538 589 ita
559 539 656 589 terras
677 526 783 611 generi
803 523 980 589 mortalium
1002 524 1110 589 dates:
1133 546 1269 610 quaeque

204 630 323 688 vacuae,
338 632 389 673 eas
402 610 542 695 publicus
555 612 648 673 esse.”
693 608 796 674 Solem
808 608 921 673 deinde
934 609 1108 695 respiciens,
1124 622 1156 673 et
1169 625 1271 673 cetere

202 691 304 757 sidera
317 716 440 769 vocans,
455 695 545 779 qussi
563 716 667 757 eoram
684 694 882 781 interrogabo
927 701 949 732 ‘⁴
964 693 1116 758 vellentne
1130 694 1270 759 contueri

201 776 293 843 inane
306 777 432 842 solum?
455 779 560 865 potius
573 800 658 843 mare
671 778 933 865 superfunderent
952 778 1100 843 adversus
1117 792 1270 843 terrarum

203 885 254 925 ere
276 865 386 928 tores.”

247 886 338 1012 llvl.
362 949 408 1011 Et
422 962 594 1013 commotus
614 947 662 1011 bis
679 948 806 1025 Avitus,
828 948 1009 1035 “patienda
1028 949 1190 1013 meliorum
1210 950 1269 1012 im·

205 1032 299 1118 peris.
345 1030 386 1096 ld
412 1034 492 1111 Diis,
518 1057 597 1119 quos
623 1032 835 1119 implorarent,
860 1033 1021 1120 placitum,
1045 1046 1082 1097 ut
1107 1034 1270 1098 arbitrium

203 1139 297 1201 penes
311 1119 471 1181 Romanos
485 1130 632 1195 maneret,
647 1118 726 1204 quid
740 1117 861 1196 darent,
872 1118 950 1203 quid
960 1119 1151 1196 adimerent,
1167 1140 1269 1204 neque

207 1200 283 1264 alios
292 1201 426 1285 judices,
440 1224 535 1287 quam
552 1226 583 1266 se
596 1203 690 1289 ipsos,
708 1206 915 1298 paterentur.''
959 1205 1039 1267 Haec
1055 1204 1086 1267 in
1109 1202 1270 1288 publicum

205 1284 381 1350 Ansibariis
395 1286 569 1370 respondit:
593 1286 651 1372 ipsi
666 1286 823 1365 Boiocalo,
840 1296 860 1325 “
874 1287 915 1350 ob
928 1288 1106 1351 memoriam
1127 1287 1271 1351 amicitiae

206 1369 355 1434 daturum
369 1394 461 1455 agros
472 1372 500 1433 :”
521 1371 606 1456 quod
628 1371 690 1448 ille,
706 1385 743 1433 ut
756 1372 940 1457 proditionis
953 1372 1088 1457 pretium
1103 1372 1269 1458 adsperna-

207 1470 269 1532 tus,
280 1454 401 1519 addidit
413 1480 421 1518 t
439 1463 461 1493 ‘⁶
472 1456 576 1519 deesse
587 1455 676 1519 nobis
687 1470 778 1531 terra,
794 1456 826 1517 in
837 1479 900 1540 qua
910 1456 1051 1519 vivamus
1062 1482 1072 1529 3
1088 1456 1119 1519 in
1132 1480 1196 1541 que
1206 1478 1272 1519 mo-

206 1539 333 1629 riamur,
346 1561 409 1602 non
422 1551 525 1636 potest
537 1541 564 1603 :''
586 1552 682 1625 atque
695 1539 750 1617 ita,
766 1539 891 1604 infensis
903 1541 1060 1625 utrimque
1074 1541 1193 1618 animis,
1208 1540 1269 1605 dis-

206 1645 335 1687 cessum.
380 1623 433 1686 Ilb
446 1626 624 1704 Bructeros,
639 1624 822 1699 Tencteros,
838 1624 997 1706 ulteriores
1010 1626 1103 1689 etiam
1118 1625 1268 1703 nationeS,

207 1709 302 1772 sociae
314 1707 394 1771 bello
405 1712 569 1773 vocabant.
599 1709 726 1786 Avitus,
738 1709 853 1795 scripto
863 1708 903 1773 ud
917 1709 1084 1773 Curtilium
1097 1710 1267 1786 Manciam,

208 1793 373 1879 superioris
397 1794 549 1857 exercitus
574 1794 742 1880 Legatum,
769 1802 790 1832 “
817 1809 854 1857 ut
877 1794 1025 1857 Rhenum
1054 1809 1271 1879 transgressus,
1336 1812 1339 1819 '

208 1900 293 1941 arma
307 1902 326 1941 a
341 1891 428 1963 tergo
442 1877 616 1941 ostenderet
628 1878 657 1951 ;’'
679 1879 745 1965 ipse
759 1878 894 1963 legiones
907 1879 940 1940 in
955 1901 1065 1963 agrum
1081 1880 1271 1941 Tencterum

207 1961 343 2040 induxit,
361 1962 518 2025 excidium
537 1962 695 2041 minitans,
715 1964 774 2027 nisi
795 1985 935 2029 caussam
956 1986 1043 2027 suam
1063 1962 1271 2027 dissociarent.

223 2113 266 2161 uid
287 2112 378 2161 definiri
403 2129 470 2178 posse
490 2116 581 2176 judicat
600 2115 726 2163 Broterius.
756 2116 860 2162 rbitror
875 2117 924 2161 sine
938 2117 1274 2175 ignominialiomenatradi.

230 2176 346 2238 coer,
360 2180 401 2232 33,
435 2179 496 2226 Mox
512 2182 584 2227 sicuti
597 2180 648 2227 cod.
661 2180 727 2227 Flor.
758 2180 851 2226 discent.
880 2179 991 2227 Horatius
1001 2179 1049 2227 Od.
1060 2181 1085 2237 3,
1098 2181 1120 2237 l,
1132 2183 1155 2226 b.
1180 2181 1275 2239 Regum

207 2242 304 2289 etBud.
758 2243 915 2289 timendorum
925 2244 951 2288 in
959 2246 1068 2303 proprior
1076 2258 1180 2304 gregesr
1197 2244 1275 2305 Reges

243 2306 344 2367 Quaequc
355 2306 445 2371 vacue]
461 2308 569 2371 Suspicor
579 2306 668 2355 dedisse
677 2306 726 2354 Ta·
759 2309 785 2352 in
798 2307 1128 2367 iprorimperinmcrtJovir.
1160 2307 1250 2353 (inore.

208 2370 291 2428 citum,
317 2386 420 2431 priorque
445 2387 539 2430 vacam,
567 2386 605 2418 ear
622 2372 728 2433 publicar
793 2372 878 2416 Decrre
887 2371 1038 2433 nolirccrra]
1057 2370 1095 2417 Sic
1104 2369 1195 2432 primus
1205 2370 1277 2419 edidit

210 2448 274 2482 erre:
291 2442 315 2482 et
330 2434 374 2482 boc
388 2436 523 2497 exemplum
541 2434 675 2483 addendum
691 2434 727 2495 iis,
760 2434 838 2482 Rhen.
856 2433 885 2482 de
901 2434 1046 2495 conjecturae
1068 2434 1210 2498 totidemque
1226 2449 1277 2483 ven

209 2513 262 2561 que
270 2499 401 2547 notavimus
410 2499 468 2547 Obs.
476 2503 501 2558 2,
512 2500 548 2546 14.
561 2501 654 2547 Gaorr.
665 2501 728 2546 Sunt
760 2499 797 2546 bis
807 2505 840 2545 est
856 2498 880 2545 in
896 2497 1084 2561 lllS.Agrioelaa
1115 2498 1161 2545 Ed.
1176 2515 1211 2562 pr.
1226 2515 1276 2548 cor·

208 2561 278 2609 etiam
294 2563 324 2609 ab
340 2562 376 2609 ed.
392 2577 427 2624 pr.
441 2565 514 2620 abest,
530 2571 557 2609 ut
567 2579 581 2610 u
592 2563 653 2610 Ποῖ.
671 2563 730 2610 MS.
760 2571 834 2624 rupte,
851 2563 1001 2610 decerenolir
1011 2564 1204 2610 terramuivamr
1225 2563 1275 2612 Pu·

205 2625 296 2672 delerit
306 2625 422 2673 Picbener
441 2627 548 2689 copulam
563 2626 652 2674 addidit
663 2625 728 2673 Iibe-
756 2626 814 2672 teol.
831 2627 905 2673 decrre
923 2627 987 2676 nolis
1005 2632 1069 2673 terra
1084 2627 1147 2684 viva,
1161 2625 1224 2689 quod
1240 2643 1276 2675 ae-

137 2732 139 2739 ,
203 2703 293 2736 ›nanus
325 2689 397 2736 Ebu.
427 2689 727 2752 EBudinquoriatai.
758 2697 827 2736 cutus
843 2698 877 2737 est
890 2689 998 2737 Beroald.
1012 2696 1101 2737 terram
1114 2691 1193 2737 vivam
1204 2691 1274 2738 etiam

210 2767 243 2798 m.
253 2752 376 2813 adjectrrm.
759 2753 815 2800 MS.
826 2753 889 2800 Flor.
907 2753 987 2801 Gueli'.
1000 2753 1063 2800 unde
1075 2753 1101 2802 J·
1119 2753 1192 2801 Grun.
1209 2753 1278 2803 facie-

235 2818 321 2863 .Solem
341 2817 479 2880 respiciens]
503 2817 558 2866 MS.
580 2817 642 2864 Flor.
665 2817 728 2864 Bud.
760 2816 800 2862 but
815 2823 879 2864 terre
894 2819 920 2863 iu
936 2819 1017 2864 uitam.
1058 2817 1161 2865 Picbena
1176 2818 1275 2880 conjicit,

212 2879 270 2941 Agr.
289 2881 325 2928 ed.
343 2895 378 2942 pr.
394 2881 539 2941 derpieburr
555 2880 618 2944 quod
633 2880 730 2929 ridicule
761 2886 825 2926 terra
847 2882 928 2937 vivis,-
953 2889 1079 2944 utrumque
1099 2883 1194 2937 bonum,
1218 2882 1277 2930 illud

209 2943 457 2999 calmutinoextum
467 2943 657 3007 receptandae.
669 2944 729 2992 Gro-
760 2943 845 2990 melius
866 2953 889 2990 et
915 2945 1047 3006 elegantius.
1091 2945 1129 2993 Sic
1150 2947 1231 2993 bebere
1252 2949 1278 2993 in

212 3007 302 3064 novius,
313 3008 380 3069 qua'ai
390 3007 466 3054 rudior
481 3009 506 3054 in
522 3018 607 3056 terram
617 3008 700 3056 missos
715 3024 731 3056 a
761 3014 872 3054 sumtum.
905 3005 970 3058 Illud
982 3017 1060 3056 cutem
1075 3017 1109 3056 est
1124 3023 1277 3073 corrumpere,

211 3071 259 3118 sole
268 3070 406 3132 adspexerit.
438 3072 573 3133 Respiciens
585 3071 640 3119 inde
655 3072 731 3120 aPu·
761 3084 808 3117 non
830 3070 948 3134 conigere,
970 3073 1032 3134 quod
1056 3072 1089 3120 N.
1110 3072 1221 3122 Heinsius
1241 3089 1255 3121 e

212 3133 303 3182 teolnno
322 3149 409 3182 omnes.
450 3135 578 3183 Rhenanus
596 3136 732 3196 conjiciebat
762 3134 884 3182 adGraer.
899 3143 916 3181 t.
928 3137 951 3182 i.
984 3135 1044 3183 Coll.
1060 3136 1278 3198 Burm.498.rut,

213 3200 334 3258 aspiciens.
371 3199 407 3246 At
425 3201 539 3260 respicere
554 3214 598 3260 pro
615 3199 731 3262 adspicere
762 3206 833 3260 atque
843 3198 912 3246 etiam
925 3209 961 3245 est
976 3198 1001 3246 in
1017 3199 1170 3262 marginem.
1187 3201 1279 3264 Gryph.

213 3261 284 3308 etiarn
305 3261 343 3318 li,
357 3264 381 3309 a
414 3262 462 3308 Pro
479 3263 562 3309 deinde
578 3262 635 3312 MS.
650 3263 731 3313 Guelf.
762 3261 912 3324 adscriptum,
925 3268 989 3308 terra
996 3270 1089 3324 potest.-
1100 3263 1167 3327 qussi
1174 3279 1279 3312 nonma-

213 3326 283 3372 idern.
321 3326 393 3373 Eas.
432 3325 493 3373 Hill
512 3326 570 3374 Bac.
586 3328 626 3374 3&
640 3328 733 3388 conjicit
762 3325 890 3389 liuseuq.
900 3325 1050 3390 intelligatur.
1082 3328 1144 3375 Vide
1152 3327 1196 3376 hoc
1205 3343 1278 3390 genus

212 3391 358 3449 umbri:
374 3389 416 3437 sed
428 3389 513 3450 idjam
522 3399 645 3452 occuparat
656 3390 732 3453 Hein-
764 3389 872 3452 loquendi
886 3389 975 3452 copiose
984 3390 1125 3438 illustratum
1135 3407 1150 3439 a
1161 3391 1279 3440 Gronorio

212 3452 268 3500 sius.
301 3454 444 3502 Gruterusa
457 3454 533 3514 glossa
546 3462 614 3516 putat
629 3469 678 3502 esse
694 3470 731 3502 re·
765 3453 821 3502 ons
832 3456 856 3510 4,
864 3455 886 3500 2.
896 3470 919 3517 p.
928 3454 967 3500 26.
984 3454 1138 3512 Addeadlz
1148 3457 1188 3504 64.
1205 3457 1276 3504 Enu-

211 3518 443 3576 rpieiemetvooam.
469 3517 731 3580 Utrumquecommede
762 3517 826 3565 Bud.
841 3516 926 3566 alm.
939 3518 1087 3566 marecolis
1100 3521 1279 3567 terremuiuam

206 3583 291 3628 abesse
299 3590 382 3643 posset.
762 3584 789 3628 in
800 3595 821 3641 q.
833 3597 865 3628 m.
877 3598 899 3628 a
907 3597 933 3642 p.
941 3581 996 3642 Bip.
1008 3582 1161 3630 emendationi
1169 3583 1276 3631 Rhenani

245 3647 281 3692 lit
291 3653 418 3692 commotus
430 3645 470 3692 hir
479 3643 579 3708 Avitta]
592 3645 697 3694 Turbata
707 3654 730 3694 et
761 3644 906 3692 substituunt
916 3645 992 3692 banci
1004 3648 1026 3692 ei.
1034 3663 1058 3693 a.
1066 3649 1186 3694 terramin
1194 3649 1277 3706 vitem,

214 3716 296 3756 trunca
322 3708 423 3756 forum.
467 3707 533 3771 Lego
560 3718 645 3770 tamen,
674 3711 730 3758 Nee
762 3711 820 3769 inq.
832 3724 935 3770 many.
969 3709 1064 3772 Quippe
1075 3710 1169 3757 homine
1184 3709 1237 3757 forti
1254 3720 1277 3759 ct

214 3779 343 3820 commotus
358 3773 394 3819 bis
404 3773 500 3830 duitas,
512 3774 625 3834 patienda
637 3789 669 3820 m.
682 3776 729 3820 im·
760 3772 880 3836 desperato
890 3772 963 3836 magis
974 3772 1069 3836 diguam
1082 3771 1115 3820 sic
1129 3773 1178 3821 fore
1194 3775 1277 3822 orado·

211 3837 334 3898 periurii.
360 3838 527 3897 Dircaeuetc.
561 3837 636 3884 hirs.
667 3837 728 3884 Mox
760 3845 917 3898 uemputant
945 3836 1165 3900 Quodadellipsin,
1177 3837 1276 3885 similem

212 3901 270 3948 MS.
287 3899 366 3950 Guelf.
381 3909 405 3948 et
422 3900 469 3947 duo
485 3900 525 3948 alii
540 3900 729 3964 apBrotmium,
761 3901 832 3948 bibes
841 3901 875 3948 H.
888 3901 909 3960 l,
922 3903 946 3948 8.
979 3902 1276 3962 representassent:

132 4013 138 4032 Ι
213 3965 357 4026 qnidorert,
366 3964 621 4026 qaiadimerent,qued
630 3978 729 4026 sequen-
760 3965 902 4025 inceperim.

212 4027 465 4077 tiburberrcoonrmit.
497 4028 569 4076 Eas.
600 4027 730 4089 Budqaid
796 4029 926 4076 Curtilium
947 4028 1084 4090 Manciam]
1107 4028 1219 4090 Phlegon.
1234 4028 1274 4078 De

206 4095 308 4153 -quid
761 4092 844 4138 admir.
859 4092 897 4147 27.
932 4093 1050 4141 Curtilius
1069 4095 1182 4140 Marcius
1200 4094 1279 4154 Lega-

245 4159 330 4217 Neqroe
351 4159 409 4203 aliar
421 4157 514 4218 Μέσσα
534 4171 604 4217 quem
623 4172 646 4202 re
668 4159 729 4216 ipsos
762 4164 801 4202 tus
823 4158 848 4202 in
867 4159 996 4205 Germania
1012 4159 1141 4204 exercitum
1160 4159 1229 4204 ducit
1250 4159 1279 4214 Q.

208 4221 360 4281 paterentur}
379 4222 430 4268 Nec
446 4220 508 4267 male
525 4220 634 4266 deleveris
649 4221 674 4266 ri
690 4236 723 4274 rc,
762 4221 856 4266 Volusio
878 4227 900 4268 ei
919 4223 949 4268 P.
971 4222 1078 4281 Scipione
1096 4233 1167 4268 coss.
1202 4220 1277 4268 ers.

211 4292 238 4328 ut
249 4284 274 4327 ri
285 4285 346 4343 ipsos
356 4282 508 4332 referaturad
519 4286 587 4330 Deos.
605 4282 724 4337 Librolo,
757 4283 810 4331 lllS.
827 4283 905 4338 Guelf.
924 4285 961 4332 Ab
977 4286 1049 4332 Anile
1067 4287 1182 4346 scripturn
1199 4286 1229 4332 ed
1246 4287 1275 4338 C,

212 4348 251 4392 tt.
270 4349 378 4405 quoniam
397 4350 452 4401 Dii,
470 4349 576 4408 quemvis
590 4351 723 4408 puteretiurn
756 4351 797 4395 M.
832 4348 900 4396 Eun.

206 4411 348 4480 populorum
365 4412 460 4467 arbitri,
475 4413 641 4470 possessionem
660 4413 724 4464 Por·
