3042 4950
231 180 377 254 nass]
595 176 673 235 ιιι.
692 178 756 235 xv.
786 178 874 240 cur.
896 182 938 238 ιι.
1235 184 1291 247 255

172 380 175 383 -
231 318 1322 429 murmurantesque*sapiae,nisirmuaeconnuas'
1369 410 1371 417 ,

231 426 264 491 vi
277 451 315 493 ac
327 427 420 491 minis
432 428 529 512 alares
543 425 704 503 exterruit,
726 422 911 510 legionarios
928 424 1066 503 obtrivit,
1088 448 1153 491 uno
1167 440 1290 507 tantum

232 511 433 588 centurione,
450 509 618 596 Tarquitio
640 512 815 587 Crescente,
836 506 957 586 turrim,
973 508 1006 607 ip
1025 534 1089 596 qua
1109 513 1291 603 praesidium

216 674 220 679 ⁴
232 596 381 682 agitabat,
395 596 562 660 defendere
576 619 662 674 aust),
674 595 756 661 facta
771 594 885 681 saepius
894 616 950 657 eru
974 606 1067 674 none,
1078 610 1110 661 et
1124 598 1221 676 caesis,
1235 601 1292 687 qui

232 681 437 747 barbarorum
465 680 909 769 propiussuggrediebuutur,
934 616 1032 744 dines
1055 682 1178 767 ignium
1191 685 1291 769 ‚jactu

231 766 515 833 circumveniretur.
538 766 688 831 Peditum
702 768 728 831 si
742 766 814 853 quis
827 765 956 852 integer,
970 764 1142 865 longinqua
1155 781 1188 832 et
1199 770 1288 844 avia3

232 851 398 931 vulnerati,
420 868 521 918 eastra
537 852 727 939 repetivere:
754 858 781 920 “‚
791 850 939 915 virtutem
1046 876 1070 931 s,
1091 852 1292 921 saevitimnet

231 938 337 1024 copias
355 938 536 1025 gentium,”,
549 950 662 1003 cuncta
679 950 764 1003 metu
791 935 981 1014 extollentes,
1018 938 1087 1002 acili
1108 938 1290 1022 credulitate

231 1046 351 1102 eorum,
365 1024 422 1109 qui
433 1023 542 1088 eadem
556 1023 719 1109 pavebant
765 1022 815 1085 Ne
830 1024 907 1085 Dux
922 1021 1050 1108 quidem
1068 1024 1168 1089 obniti
1182 1024 1291 1091 adver-

231 1108 283 1186 sis,
295 1108 350 1173 sed
359 1122 472 1174 ennete
484 1107 603 1172 militiae
612 1108 720 1171 munia
728 1107 917 1186 deseruerat,
927 1107 1026 1171 missis
1036 1107 1150 1175 iterum
1160 1110 1201 1175 ad
1214 1112 1291 1177 Cor-

231 1193 378 1257 bulonem
406 1192 562 1292 precibus,
587 1198 610 1230 ‘⁶
627 1192 747 1256 veniret
775 1214 916 1278 propere,
945 1192 1034 1278 signa
1062 1207 1094 1259 et
1118 1196 1238 1293 aquilas
1260 1212 1292 1263 et

232 1300 345 1344 nomen
358 1278 515 1365 rebquum
525 1276 656 1341 infelicis
668 1277 821 1341 exereitus
834 1286 992 1341 tueretur:
1009 1300 1041 1341 se
1051 1278 1146 1343 fidem
1155 1283 1291 1363 interim,

231 1362 331 1427 donec
344 1364 410 1427 vita
422 1362 610 1461 suppeditet,
624 1364 827 1428 retenturos.”

276 1450 366 1515 XII.
391 1449 449 1513 Ille
457 1448 626 1526 interritus,
636 1461 766 1537 etparte
774 1448 934 1535 copiarum
945 1448 1031 1534 apud
1041 1449 1165 1536 Syriam
1173 1450 1290 1533 relicta,

228 1548 270 1601 ut
278 1535 472 1601 munimenta
482 1534 641 1621 Euphrati
647 1534 783 1622 inposita
792 1534 1018 1609 retinerentur3
1035 1557 1100 1621 qua
1112 1537 1291 1621 proximum

230 1631 263 1684 et
283 1620 506 1685 commeatibus
525 1642 588 1683 non
606 1615 761 1705 egenum,
772 1618 929 1718 regionem
950 1619 1204 1707 Commagenam,
1219 1616 1292 1689 exin

161 1722 163 1726 ’
234 1705 476 1792 Cappadociam,
490 1704 564 1769 inde
577 1705 745 1769 Armenios
759 1704 877 1790 petlvit
920 1703 1160 1771 comitabantur
1173 1710 1292 1773 exerci-

233 1804 312 1868 tum,
331 1804 445 1878 praeter
465 1790 527 1854 alia
543 1804 631 1855 sueta
651 1789 745 1870 bello,
764 1812 879 1877 magna
897 1788 944 1853 vis
961 1789 1160 1870 camelorum,
1180 1808 1293 1861 onusta

232 1876 392 1954 frumenti,
406 1890 444 1939 ut
458 1876 551 1940 simul
563 1876 684 1941 hostem
698 1875 878 1961 famemque
897 1873 1075 1962 depelleret.
1119 1877 1262 1943 Primum
1277 1904 1295 1944 e

273 1960 382 2026 rculsis
406 1961 563 2040 Pactium,
588 1960 738 2048 primipili
764 1961 996 2039 centurionem,
1019 1961 1149 2026 obvium
1171 1964 1292 2045 habuit,

255 2045 305 2111 ein
326 2045 378 2133 ple
451 2070 491 2109 ue
509 2046 665 2122 militum
688 2070 777 2133 quos,
792 2046 928 2111 diversas
946 2046 1032 2133 fu'gae
1049 2070 1172 2112 caussas
1185 2049 1295 2114 obten-

233 2131 352 2210 dentes,
368 2068 500 2196 iiidie
513 2131 553 2196 ad
569 2132 666 2218 signa,
681 2145 714 2196 et
726 2131 919 2196 clementiam
930 2130 1010 2195 Paeti
1024 2132 1175 2218 experiri'
1189 2156 1296 2199 mone-

234 2216 310 2292 bat;
327 2224 349 2257 “
366 2240 398 2281 se
410 2217 469 2281 nisi
483 2217 653 2283 victoribus
665 2218 806 2282 inmitem
820 2217 914 2281 esse.''
959 2216 1060 2282 Simul
1074 2241 1145 2284 suas
1157 2220 1295 2306 legiones

267 2391 337 2437 Hinc
355 2390 473 2451 peditatu,
500 2391 555 2439 inde
577 2393 665 2455 equite]
679 2390 748 2448 ills.
797 2397 877 2437 nentes
892 2389 947 2447 ¹edd.
968 2398 1122 2454 propagatum
1141 2400 1182 2440 est.
1214 2392 1294 2441 Etiam

235 2452 298 2504 Bud.
317 2455 373 2502 ltine
389 2456 472 2516 equite.
504 2454 564 2502 Post
585 2454 688 2504 Faernus
709 2458 749 2504 sed
781 2404 860 2503 i'laut.
868 2453 927 2502 Aut
939 2456 964 2515 i,
971 2456 1116 2504 Maubai
1124 2463 1232 2506 onustam
1239 2461 1296 2505 ouri

232 2518 333 2577 delebat,
349 2519 413 2582 quod
429 2529 463 2567 est
478 2533 534 2566 sane
549 2518 651 2568 alienum
662 2536 690 2568 ao
704 2519 749 2567 du·
764 2568 767 2572 ,
780 2515 847 2566 dixit
865 2517 950 2582 Itaque
956 2527 1055 2568 veterem
1061 2519 1183 2569 lectionem
1191 2522 1294 2579 servavi3

234 2597 295 2631 rum.
310 2582 403 2630 Deinde
404 2584 518 2646 fidoque
524 2583 580 2631 MS.
587 2584 650 2631 Flor.
660 2583 747 2648 (Bud.)
780 2581 828 2629 sive
839 2582 935 2632 Tacitus
950 2583 1000 2645 ipse
1010 2583 1043 2632 sic
1058 2583 1157 2646 scripsit,
1168 2585 1232 2648 quod
1248 2600 1296 2634 uon

227 2646 272 2700 ed.
283 2662 320 2710 pr.
352 2646 462 2711 Denique
472 2662 519 2710 per
529 2650 657 2710 longisque
667 2647 748 2695 vitiose
779 2645 894 2703 abhorret,
905 2647 952 2697 sive
967 2647 1066 2696 librariis
1081 2649 1216 2713 antiquariis
1226 2649 1297 2700 debe·

234 2710 270 2760 sd.
282 2711 480 2777 Putsdetsaqq.
494 2727 540 2776 per
552 2712 748 2762 natnmeterini·
780 2718 825 2772 tur.
858 2710 930 2762 Eun.
1096 2727 1100 2732 ·

227 2775 327 2833 ¹natione
340 2776 488 2840 praedatis
498 2776 576 2826 verbi:
594 2778 659 2824 abest
669 2778 699 2825 ab
709 2775 746 2824 ed.
813 2776 930 2824 Paestum
936 2777 1057 2838 primipttt
1067 2777 1247 2843 Cerrtsriorrem]
1259 2779 1296 2839 At

234 2855 269 2904 pr.
285 2839 370 2895 delerit
383 2841 460 2888 Rhea.
493 2841 565 2890 Enu.
598 2841 749 2889 litamine
780 2853 851 2901 supra
870 2839 909 2899 13,
930 2841 970 2888 eu
992 2840 1141 2905 perfunctm
1162 2858 1190 2892 eo
1210 2843 1297 2893 honore

229 2912 269 2961 ¹est
279 2912 348 2969 step.
360 2904 414 2952 niv.
424 2906 466 2969 39,
478 2905 516 2953 ll.
780 2902 828 2950 ait:
848 2905 939 2953 Caram
945 2908 1114 2967 proeddiorum
1126 2910 1209 2956 Fectio
1222 2909 1298 2970 Orfito

269 2971 502 3034 circumueniretur]
513 2969 576 3018 Bud.
592 2971 749 3018 circumveni·
776 2969 900 3031 primipili
931 2970 1018 3017 donem
1036 2971 1164 3034 perfuncto
1191 2975 1297 3024 monna

236 3040 338 3081 rentur.-
350 3040 374 3082 et
382 3049 440 3081 mox
451 3035 507 3083 Nec
516 3037 578 3084 Dan
588 3050 610 3096 q.
782 3029 858 3080 lases.
891 3032 951 3096 Agr.
963 3035 1107 3096 Pacuuium.

268 3099 357 3145 Missis
367 3099 466 3163 berum]
480 3098 518 3147 Sic
528 3098 603 3148 Mss.
613 3099 676 3146 Ποῖ.
686 3097 765 3146 Bud.1
814 3097 846 3144 Se
870 3099 919 3146 stet
943 3100 1069 3148 uictoribus
1094 3103 1211 3164 immitem
1237 3103 1296 3167 esee]

199 3205 201 3229 Ι
236 3163 296 3224 Agr.
307 3161 404 3226 edd-pn
416 3161 750 3227 Rhen.etssqq.omnea‚At
781 3158 877 3210 Frustra
895 3171 986 3211 merem
1003 3178 1101 3224 wumen
1120 3181 1190 3214 suum
1207 3167 1297 3216 Saline-

236 3225 302 3274 oodd.
313 3225 363 3274 Ox.
376 3226 455 3274 (iucif.
465 3227 517 3275 edd
527 3228 619 3276 Puteol.
630 3226 684 3276 Ber.
693 3227 748 3276 Alo.
780 3224 829 3273 rius
843 3225 915 3274 bomo
924 3226 1035 3291 optimus,
1046 3244 1121 3292 quum
1131 3231 1222 3280 obscuri
1237 3232 1297 3280 nihil

236 3289 747 3356 itemquodnatumeoompsndioseripturaz
781 3289 818 3337 sit.
855 3290 912 3338 Non
934 3292 1006 3351 enim,
1028 3292 1049 3340 si
1071 3293 1111 3354 13,
1133 3295 1173 3342 36.
1195 3297 1296 3356 Pactius

235 3362 259 3403 et
271 3369 332 3416 sape
341 3354 367 3401 in
376 3355 449 3404 MSS.
460 3355 510 3404 iste
521 3370 587 3404 voees
602 3356 751 3405 ooufundun·
783 3353 1069 3418 Orpbiturprtmtpilors'r
1077 3359 1146 3419 ¹iussu
1157 3358 1296 3410 Corbulonis

236 3426 282 3467 tur.
314 3418 345 3467 V.
371 3418 455 3467 Bnrm.
472 3420 505 3477 ‚sd
530 3419 595 3468 Suet.
621 3419 682 3469 Cas.
708 3421 749 3468 36.
780 3418 887 3480 presidio
902 3422 1255 3485 prepositusoommemoratur,
1269 3434 1297 3484 ¹et

235 3482 398 3532 nselmum
409 3483 463 3532 htv.
503 3485 528 3532 't
537 3485 574 3531 lt
582 3484 687 3533 Freinslu
694 3499 749 3532 eon·
780 3481 818 3543 bic
828 3486 929 3532 Pactius
941 3485 1055 3533 emeres
1066 3489 1191 3549 pampus
1205 3505 1220 3536 a
1230 3489 1297 3539 Peto

233 3547 329 3609 jiciebat
335 3549 468 3597 identidem
518 3550 749 3598 oxreteaterorbeue
776 3546 858 3602 ,venire
868 3547 960 3609 dieitur,
971 3549 1024 3598 ideo
1033 3558 1058 3598 et
1066 3565 1147 3599 omnes
1158 3552 1242 3612 milites
1258 3554 1297 3606 hic

234 3611 324 3661 editum
332 3612 456 3660 sPisheoa
463 3629 492 3662 ex
500 3612 556 3661 ΜΒ.
563 3613 628 3662 Flor.
634 3622 670 3662 est
679 3613 749 3661 etiem
776 3611 860 3672 ,obvios
867 3611 994 3662 Corbuloni
1001 3615 1094 3664 Ducem
1103 3631 1157 3664 eum
1166 3632 1220 3664 cum
1230 3619 1296 3670 Paeto

227 3676 260 3734 ¹in
278 3675 354 3740 (Bud.
373 3675 407 3738 et)
425 3677 462 3725 sd.
480 3694 517 3742 pr.
549 3675 580 3725 In
599 3678 750 3736 oeterisaute
781 3684 1036 3728 mutasssusoesseest.
1070 3679 1125 3728 Lib
1139 3682 1178 3740 13,
1190 3683 1229 3728 40.
1241 3693 1296 3733 suut

236 3740 363 3788 Picharam
381 3751 415 3789 est
434 3748 597 3790 retenturum.-
619 3742 676 3791 itan
697 3751 750 3806 post
781 3755 835 3789 cum
847 3741 979 3792 Corbulone
995 3742 1063 3792 tertia
1078 3751 1101 3792 et
1116 3753 1182 3793 sexta
1197 3745 1258 3810 legio
1273 3757 1312 3798 et*

228 3811 305 3864 ¹sueta
327 3806 392 3864 tello,
411 3821 454 3869 pro
475 3813 575 3859 emta.
607 3807 678 3856 Enrt·
712 3803 889 3860 Siessdeeimat
906 3807 999 3856 easdem
1014 3807 1103 3856 obtinet
1118 3808 1162 3857 hoc
1178 3808 1219 3857 lib.
1237 3827 1258 3859 c.
1272 3815 1295 3862 6.

235 3868 498 3919 retrusissem
781 3868 861 3919 Perus
878 3880 985 3936 quartam
1001 3879 1025 3921 et
1043 3873 1151 3936 quintam
1167 3883 1191 3922 et
1209 3875 1296 3926 duode-

273 3935 315 3981 Vtr
331 3936 482 3997 ramleram]
495 3935 534 3983 De
550 3950 594 3983 usu
608 3936 749 3994 oemdorum
781 3933 875 3982 cimam
909 3937 961 3984 Nec
984 3938 1089 3985 dicerem
1108 3938 1181 4000 fuge
1202 3955 1296 3990 caussas

236 3998 261 4045 in
271 3998 333 4046 bello
343 4013 364 4045 v.
373 3999 493 4058 Scheied
500 3999 592 4064 Hygin.
601 4015 625 4062 p.
635 4002 674 4048 et.
682 4001 749 4049 Fre-
781 3999 900 4048 messere
916 4010 951 4049 est
960 4001 1024 4050 falsis
1039 4001 1174 4051 nominibus
1189 4005 1225 4053 uti
1236 4005 1296 4055 Cor.

134 4086 137 4089 ·
222 4064 311 4110 -menti
326 4061 399 4111 MSS.
415 4063 478 4111 Flor.
497 4063 571 4128 (Bnd.
583 4063 656 4127 Agr.)
666 4063 747 4112 Gueli.
780 4062 874 4112 hulonis
888 4066 952 4126 sevi,
968 4055 1030 4114 -P'aeti
1046 4065 1120 4114 mitis.
1151 4068 1235 4132 quue
1253 4087 1296 4122 neo

237 4125 291 4174 edd.
311 4141 347 4189 pr,
363 4126 419 4174 Put.
438 4137 563 4192 osteraeque
584 4136 639 4177 vett.
659 4143 748 4187 omnes,
781 4126 898 4177 ulciscitur
908 4130 946 4179 hic
957 4131 1060 4180 Corbulo
1070 4132 1196 4196 quicquam
1212 4135 1303 4196 privati*

236 4190 307 4237 ctiam
325 4189 390 4251 lips.
411 4190 515 4255 priores:
538 4203 563 4242 at
580 4193 605 4240 in
627 4193 710 4241 ultima
731 4210 749 4240 s.
781 4191 875 4252 doloris,
886 4210 960 4260 neque
968 4211 1047 4245 auara
1057 4196 1159 4245 irrisione
1168 4197 1243 4259 ludit;
1255 4203 1294 4250 sed

230 4262 302 4323 *sexu
321 4256 546 4335 frunientofquod·
559 4256 642 4307 deinde
664 4257 750 4319 inse-
781 4273 837 4322 rece
853 4258 922 4322 plena
937 4261 1055 4324 mutatis
1068 4271 1091 4310 et
1101 4261 1228 4328 discipline
1243 4282 1296 4330 pro.
