3042 4950
245 259 280 312 te
665 247 889 308 anuinium
1131 241 1307 345 [pasco.

242 414 366 480 structis
380 413 585 489 monimentis,
597 413 713 498 quibus
727 430 802 498 opes
816 436 887 477 suas
901 412 1083 490 testabatur,
1094 433 1151 475 nec
1162 411 1314 496 cuiquam

243 514 314 579 ante
329 499 551 564 Arsacidarum
572 499 688 562 tributa
701 497 760 560 illis
780 498 819 561 de
833 498 979 585 gentibus
995 509 1096 583 parta,
1108 497 1309 582 regreditur3

245 587 277 648 in
318 606 353 646 ns
367 583 477 669 gloria,
491 597 586 668 atque
599 607 636 646 eo
650 582 781 646 ferocior
794 598 826 647 et
845 583 991 670 subjectis
1010 582 1218 645 intoleratior:
1242 581 1310 666 qui,

245 607 317 734 doli
331 681 405 732 ante
417 669 598 754 composite,
613 666 785 746 incautum,
800 668 1017 754 venationique
1036 669 1202 742 intentum,
1216 667 1310 729 inter-

246 756 356 832 fecere,
373 753 505 840 primam
527 753 609 816 intra
626 755 801 838 juventam,
817 755 871 818 sed
895 752 1078 818 claritudine
1096 775 1213 839 paucos
1232 752 1333 819 inter,

248 863 357 904 senum
385 841 521 924 Regum,
548 839 573 901 si
600 838 729 925 perinde
752 861 888 903 amorem
912 839 993 902 inter
1017 840 1193 925 populares,
1242 858 1314 898 uam

249 938 367 988 metum
396 924 481 1009 apud
508 924 612 988 hostes
641 923 840 1009 quaesivisset.
884 925 972 988 Nece
999 922 1152 987 Bardanis
1180 934 1232 985 tur
1273 934 1316 998 tae

251 1011 442 1074 Parthorum
459 1032 508 1072 res
530 1009 611 1072 inter
625 1000 799 1095 ambiguo'S,
814 1009 885 1096 quis
903 1011 935 1072 in
957 1031 1089 1094 regnum
1106 1007 1312 1092 acciperetur:

248 1095 340 1158 multi
369 1095 409 1160 ad
437 1096 594 1158 Gotarzen
625 1093 835 1169 inclinabant;
870 1094 998 1180 quidam
1027 1094 1066 1157 ad
1096 1091 1314 1167 Meherdaten,

248 1180 368 1266 prolem
385 1179 562 1256 Pbrahatis,
583 1179 701 1243 obsidio
722 1180 813 1243 nobis
825 1180 953 1243 datum:
977 1179 1049 1242 dein
1093 1176 1235 1240 raevaluit
1250 1177 1316 1245 Go-

249 1279 367 1337 tarzes3
399 1265 580 1350 potitusque
605 1265 733 1350 regiam,
760 1287 817 1350 per
842 1265 992 1328 soevitiam
1013 1288 1049 1328 ac
1071 1201 1185 1326 iurum
1211 1261 1317 1348 adegit

165 1417 168 1426 ¹
248 1350 382 1412 Parthos
409 1349 532 1412 mittere
558 1348 598 1412 ad
623 1349 802 1435 Principem
827 1352 1007 1414 Romanum
1037 1348 1173 1412 occultas
1200 1369 1316 1432 preceS,

251 1435 331 1520 quis,
349 1441 370 1488 .“
385 1434 523 1520 permitti
536 1434 740 1497 Meherdaten
754 1436 891 1519 patrium
905 1435 946 1498 ad
960 1433 1148 1520 fastigium,”
1162 1433 1301 1495 orabant.

293 1521 360 1582 XI.
385 1519 500 1583 Iisdem
518 1518 706 1584 Consulibus
721 1519 789 1582 ludi
803 1520 963 1583 saeculares
976 1518 1229 1604 octingentesimo
1243 1527 1313 1601 post
1372 1590 1378 1603 ι

250 1605 384 1668 Romam
411 1603 577 1682 conditam,
605 1619 717 1688 quarto
743 1618 774 1667 et
800 1605 1000 1692 sexagesimo,
1025 1627 1119 1690 quam
1149 1606 1314 1688 Augustus

251 1687 399 1766 ediderat,
424 1690 562 1775 spectati¹
576 1702 658 1752 sunt.
703 1686 878 1775 Utriusqhe
902 1689 1056 1775 Principis
1078 1688 1213 1752 rationes
1236 1708 1317 1772 prae-

211 1791 215 1794 ·
249 1775 395 1852 termitto,
414 1774 486 1838 satis
509 1787 648 1837 narratas
669 1773 767 1851 libris,
792 1775 908 1859 quibus
928 1797 976 1837 res
992 1773 1191 1860 Imperatoris
1205 1770 1325 1833 Domi-'

249 1984 547 2044 tongrinqnannanrieitiam.
569 1982 641 2029 Ean.
674 1983 705 2030 In
717 1983 768 2029 Pu·
797 1984 857 2030 nulli
868 1985 992 2046 legendum
1006 1984 1133 2032 suadebant
1143 1983 1242 2039 remitti,
1254 1979 1316 2042 quod

248 2048 301 2096 teat.
313 2061 360 2094 nou
377 2054 411 2093 est
424 2060 546 2106 quamque,
564 2045 605 2092 sed
621 2059 762 2105 quanquam.
800 2047 869 2094 Grut.
881 2047 995 2109 inprobat.

250 2112 281 2160 In
293 2111 364 2157 Frob.
378 2109 447 2156 1519.
459 2123 589 2170 quamque:
607 2108 670 2171 quad
685 2109 765 2156 Rhen.
840 2112 931 2166 Quarto
949 2117 972 2157 et
991 2111 1146 2171 sexagesimo]
1176 2108 1268 2155 Plinius
1290 2109 1315 2165 7,

251 2173 336 2222 omisit.
725 2175 730 2180 ’
799 2175 839 2221 49.
873 2177 911 2221 Eo
932 2177 1011 2220 minas
1032 2176 1108 2219 miror
1127 2170 1316 2233 Stephanionem,

290 2241 346 2286 Nec
362 2237 585 2298 cuiqnam-fpanta]
613 2235 653 2284 Sic
669 2235 732 2283 dedit
753 2251 767 2283 e
799 2240 841 2298 qni
864 2240 960 2298 primas
983 2244 1074 2298 togatae
1094 2238 1180 2283 natare
1200 2237 1316 2291 institnit,

250 2301 300 2350 cad.
313 2301 374 2349 Bud.
386 2316 429 2364 pro
445 2315 486 2346 nec
502 2302 566 2347 enim
583 2301 767 2361 cuiqnam-pa·
800 2304 905 2362 atrisque
916 2304 1057 2349 semitribus
1066 2303 1129 2347 iadis
1139 2301 1275 2358 saltasse,·et
1283 2301 1317 2345 D.

249 2373 304 2412 eata
324 2366 458 2413 Rhenanus.
492 2366 567 2411 Enim
588 2364 658 2411 etiam
680 2365 709 2411 ab
729 2363 766 2410 ed.
800 2367 915 2427 Augeati,
936 2374 958 2414 et
976 2381 1032 2427 qnos
1052 2367 1167 2413 Claudius
1188 2360 1318 2411 carnulenta

249 2427 769 2542 Ξῗὶὲιέἓῗέ,1111ωέἱέῗῖωὲωὲἱὲιὲἶί
800 2430 1319 2555 tttt'ttsssttttttttttt‘m

247 2565 341 2619 pearata.
377 2557 504 2605 Rhenanus
521 2557 583 2605 male
596 2556 626 2604 ad
642 2571 696 2603 eum
715 2570 769 2619 pro·
840 2511 951 2606 Ratiines
965 2558 1136 2620 praetermitto]
1160 2556 1221 2614 Quae
1239 2564 1317 2602 tamen

254 2630 328 2671 vocet·
464 2624 468 2633 '
801 2622 869 2670 clarae
876 2631 938 2671 sunt.
970 2623 1092 2684 Augustus
1099 2620 1162 2667 enim
1173 2621 1271 2681 priscam
1282 2620 1319 2665 in·

285 2687 398 2749 Sntjeett's
408 2686 582 2749 intolerantior]
599 2686 658 2733 Jam
667 2684 770 2733 dumus
802 2686 945 2734 stitutionem
963 2695 1056 2733 secutiu
1073 2693 1115 2743 est,
1129 2693 1153 2732 et
1165 2683 1237 2731 edidit
1250 2682 1319 2747 quin-

253 2751 284 2799 ad
300 2751 326 2810 3,
343 2752 384 2797 ts.
398 2752 462 2796 enne
480 2750 656 2797 invenenatus
674 2764 717 2809 pro
732 2750 769 2795 in·
802 2759 838 2797 tas
856 2750 924 2797 ludos
942 2750 1059 2797 scarlatas
1078 2763 1139 2795 anno
1153 2748 1277 2796 centesimo
1296 2757 1320 2793 et

253 2816 379 2863 tolerandis
398 2813 483 2861 dixisse
496 2813 616 2861 Imaum:
642 2821 669 2859 ut
690 2814 772 2859 intole-
802 2829 865 2861 nouo
887 2813 988 2872 (decimo
1012 2813 1135 2871 debuisset,
1163 2813 1184 2859 si
1209 2812 1320 2875 paruisset

252 2881 348 2927 ranticr
369 2878 440 2941 possit
461 2892 510 2924 esse
531 2876 610 2924 minus
632 2876 771 2923 tolerandus.
803 2888 872 2925 arcta
892 2878 950 2940 legi)
972 2886 1058 2925 encta.
1093 2876 1206 2924 Claudius
1228 2876 1319 2923 its-ra-

254 2943 347 2990 Gnort.
379 2940 440 2987 Mox
457 2954 500 3003 pro
515 2942 578 3001 aprtd
594 2942 669 2987 hostes
687 2939 722 2985 ed.
735 2954 770 3001 pr.
803 2942 890 2989 donem
909 2942 1018 3000 instihrit,
1038 2951 1065 2988 ut
1083 2941 1207 2988 aninmo
1227 2954 1320 3002 quoque

254 3008 324 3053 baur.
347 3006 419 3053 Erret.
453 3002 771 3052 Grotiusvolebatintalera-
803 3020 864 3053 anno
880 3006 993 3053 censuerit
1009 3004 1170 3059 celebrandam
1194 3004 1260 3067 quasi
1278 3017 1320 3049 sar-

255 3068 475 3134 tar‚quodplscet
493 3066 635 3126 cf.12,11.
803 3071 884 3117 arium
894 3070 1094 3117 rotundoceutum
1102 3080 1321 3123 anaorunruumero

300 3135 373 3180 Turb.
384 3134 417 3179 P.
433 3146 479 3190 res,
494 3134 556 3179 inter
573 3131 628 3195 eta]
662 3133 773 3181 Muretus
803 3132 923 3181 definiens.
956 3135 1048 3197 Itaque,
1065 3132 1158 3194 insuper
1167 3131 1247 3178 habita
1257 3145 1320 3177 com-

256 3198 303 3245 iter
320 3198 381 3245 tart.
393 3198 426 3244 P.
437 3210 480 3242 res.
514 3198 582 3243 Inter
592 3210 615 3242 α.
626 3198 675 3257 ai.
693 3214 715 3243 r.
732 3211 771 3243 aa·
803 3197 1155 3261 punaonenugustiaprisa,
1164 3195 1322 3242 rettulitnauc

256 3264 382 3323 ciperetnr,
393 3260 463 3306 nitet
473 3266 515 3306 etc.
804 3262 992 3323 octingentesimo
1002 3261 1067 3309 urbis
1081 3274 1150 3318 anuo,
1162 3274 1187 3305 se
1198 3258 1245 3316 1v‚
1257 3266 1280 3305 et
1290 3256 1321 3303 h.

295 3326 392 3371 Pnoun
403 3324 546 3386 Parnasia]
576 3324 632 3371 Non
648 3324 731 3383 fllium,
744 3340 774 3373 ue
803 3325 1030 3374 VitellioIIIOcss.
1064 3322 1136 3372 lea
1151 3320 1324 3383 timpanum

256 3403 324 3445 erres,
343 3386 383 3434 sed
404 3394 513 3447 nepotem
535 3402 565 3433 ex
580 3387 685 3437 Vonone.
719 3390 774 3452 lpse
804 3389 833 3437 sd
850 3389 945 3438 Oaufrii
960 3388 1070 3436 Parvinii
1085 3402 1113 3435 es
1129 3401 1198 3449 super
1213 3400 1238 3433 re
1254 3384 1321 3433 libel·

256 3449 527 3506 Tadmsinisa12,10.
543 3451 619 3501 luas.
803 3453 870 3508 lama
896 3453 940 3501 riri
960 3452 1077 3512 industrii,
1097 3450 1222 3513 ddigmtis,
1242 3457 1265 3497 et
1283 3449 1322 3495 cui

298 3516 393 3562 Obsidio
408 3530 432 3559 n.
446 3515 481 3577 d]
508 3514 613 3576 Ryclrius
634 3516 773 3577 suspicatur,
805 3516 1147 3579 Romsnaememorianurnn
1163 3512 1323 3561 tantumferre

257 3577 371 3625 ateana
387 3576 435 3631 dici
482 3593 589 3641 sappus.
609 3580 775 3641 praeteritam,
805 3581 918 3643 potuisset
931 3580 1074 3641 autlimam)
1090 3578 1323 3636 debeatdebebunt·

230 3659 235 3674 ·
256 3650 326 3689 etex
343 3641 404 3704 Agr.
481 3642 536 3689 citat
551 3642 592 3699 sl,
606 3644 627 3690 1.
643 3644 774 3690 serenitate
806 3659 860 3707 que.
880 3645 956 3693 Ltus.
989 3642 1191 3692 ImmoOlsudius
1201 3640 1324 3690 cdebmvit

257 3706 348 3763 obsidii,
366 3704 408 3753 ubi
424 3704 511 3753 inaliis
524 3706 618 3752 obsidis.
652 3708 775 3759 Oteidisnn
805 3708 873 3755 Iudas
888 3708 1006 3757 walmes
1020 3708 1085 3756 urbis
1094 3706 1201 3765 maditus,
1212 3705 1323 3754 malum

255 3776 367 3833 prostatu
377 3767 463 3816 obsidis
474 3768 536 3816 sumi
546 3777 611 3817 notat
621 3771 738 3818 Ganuenta
750 3770 776 3817 in
806 3779 901 3819 centum
918 3772 986 3819 annis
1001 3772 1092 3831 miens
1108 3779 1136 3818 ut
1151 3779 1205 3834 post
1219 3770 1260 3817 alii
1271 3768 1322 3816 Im-

258 3833 317 3881 thes.
755 3840 759 3853 '
806 3844 920 3897 parciores
939 3836 1020 3893 fecere,
1038 3837 1181 3899 ultimusque
1198 3833 1324 3896 Philippus

290 3898 428 3957 Patiturque
438 3896 518 3959 regia]
547 3897 602 3945 Vat
615 3906 662 3961 opt.
675 3900 775 3960 regiam.
806 3898 1136 3949 mineamoanucanuo:
1152 3898 1323 3959 sedAugustus

257 3960 395 4025 Itaquescri
423 3959 429 3971 ¹
472 3960 548 4008 lues.
582 3962 774 4010 SicetFlor.ed.
805 3963 927 4011 celebravit
943 3963 1010 4022 ludos
1026 3964 1145 4012 smalases
1160 3978 1173 4010 e
1189 3958 1322 4026 prmipto

257 4026 384 4087 parrega
410 4023 457 4075 edit
467 4024 559 4072 Puteal.
568 4035 590 4073 et
601 4041 665 4090 seqq.
674 4026 707 4074 sic
717 4026 774 4075 MS.
806 4026 1067 4091 anusquodatep.
1079 4026 1199 4073 Zosimum
1209 4028 1234 4084 2,
1246 4024 1269 4071 6.
1280 4022 1323 4087 qui

244 4087 337 4139 ¹(iucif.
358 4088 431 4135 Eas.
465 4088 523 4137 God.
535 4090 595 4152 Agr.
607 4106 694 4137 rernm.
807 4090 1323 4146 etameautushommlutommnamt,

292 4153 407 4199 Permitti
418 4154 585 4217 Meherdaten]
603 4154 666 4201 Vide
676 4154 736 4203 Obs.
749 4156 774 4214 2,
824 4154 1080 4218 ιίιιιιιιιηιιοωὼιιιῑί
1099 4161 1153 4201 sam
1173 4169 1195 4200 a.
1214 4153 1246 4200 U.
1266 4152 1323 4199 353.

261 4212 298 4258 13.
327 4214 416 4263 Gnosi.
432 4216 448 4263 i.
468 4232 488 4263 e.
507 4224 534 4265 ut
555 4225 690 4279 potestatem
711 4217 777 4265 daret
854 4218 949 4267 Valerio
967 4218 1043 4266 Potito
1058 4226 1166 4282 quartum
1187 4217 1254 4264 Trib.
1272 4215 1321 4263 mil.

259 4276 329 4323 eundi
346 4277 370 4323 in
391 4281 489 4341 patriam
507 4288 530 4329 et
549 4282 679 4344 capessendi
698 4282 772 4345 regni.
808 4281 863 4330 Cos.
885 4292 934 4345 pot.
955 4285 985 4330 ab
1003 4283 1117 4356 Augrmto'
1128 4298 1150 4328 a.
1170 4282 1202 4329 U.
1215 4282 1273 4335 -737,
1292 4279 1321 4328 G.

257 4339 328 4387 Adde
349 4342 441 4389 Gmter.
464 4344 493 4391 ad
515 4344 648 4395 Martialem
672 4346 710 4403 10,
735 4346 774 4393 12.
807 4344 1160 4398 tamentationem
1176 4360 1233 4393 coss.
1252 4344 1322 4406 quin-

257 4401 331 4452 Dran
344 4403 438 4455 adlit.
449 4407 475 4467 3,
486 4410 524 4462 70.
542 4410 615 4459 Ean.
650 4409 774 4459 Scibam·
807 4418 867 4461 tum.
899 4410 993 4472 Quibus
1020 4410 1146 4459 rationibus
1172 4418 1250 4458 autern
1271 4407 1323 4455 Αιι-
