3042 4950
227 206 261 249 s.
275 192 381 266 aaa]
591 187 668 247 ma.
688 184 772 247 xrv.
794 188 884 247 csn.
903 190 953 247 ss.
1228 188 1287 249 aaa

228 368 415 439 tempusque
426 350 624 437 interjectum
637 363 777 413 moverm
790 350 925 413 famem:
949 348 1107 437 vulgoque
1116 350 1287 437 lingebant,

230 446 253 477 “
266 438 399 524 petitum
413 437 454 499 ab
467 458 505 498 eo
514 432 753 509 Corbulonem,”
768 434 888 519 magnis
900 448 969 497 tum
983 436 1169 500 exercitibus
1185 436 1288 523 presta

214 558 218 564 ·
230 522 365 599 dentem,
378 521 408 584 si
420 519 495 583 clari
513 532 609 604 atque
623 517 758 582 insontes
772 516 1024 598 interficerentur,
1039 521 1233 619 praecipuum
1248 520 1289 584 ad

142 632 147 639 ·
230 606 384 693 pericula:
410 612 432 643 “
447 604 525 691 quin
539 617 571 667 et
584 602 814 666 Asiamfavore
828 602 953 688 juvenis·
975 626 1062 667 arma
1076 627 1209 691 cepisse;
1232 627 1289 669 neu

231 690 354 768 milites,
383 689 425 754 ad
453 688 552 754 scelus
579 688 698 766 numos,
726 702 782 753 aut
806 708 936 751 numero
958 684 1088 767 validos,
1109 700 1165 754 aut
1186 689 1289 754 animo

231 789 411 862 promptos:
426 785 593 861 postquam
606 774 695 860 jussa
706 772 826 837 effluere
837 772 1042 857 nequiverint,
1057 773 1099 838 ad
1113 796 1182 861 spes
1194 794 1290 839 novas

231 862 402 925 transisse?
445 858 627 935 Vanahaec,
638 880 725 921 more
738 858 841 933 famae,
856 856 1046 921 credentium
1059 858 1123 922 otio
1135 858 1291 944 augeban-

232 959 294 1009 tur.
341 947 489 1011 Ceterum
509 942 638 1008 libertus
654 943 761 1007 Plauti
783 942 937 1005 celeritate
955 954 1119 1007 ventorum
1140 943 1291 1030 prevenit

233 1031 468 1107 centurionem,
482 1041 515 1093 et
527 1028 676 1092 mandata
689 1029 731 1091 L.
745 1026 888 1104 Antistii,
904 1027 1009 1105 soceri,
1026 1028 1158 1093 adtulit:
1183 1036 1203 1065 ‘⁴
1214 1029 1292 1093 effu-

225 1128 321 1201 geret
341 1136 465 1200 segnem
488 1124 631 1189 mortem,
645 1111 766 1176 otiumt
789 1110 961 1195 suffugium
983 1124 1015 1175 et
1036 1112 1140 1200 magni
1161 1112 1293 1179 nominis

231 1200 468 1263 miserationem
507 1212 631 1261 rturum
639 1196 1292 1274 bonos,consoaiaturumaudaces:nullum

232 1285 356 1347 interim
374 1282 460 1347 subsi
484 1282 548 1345 ‘um
569 1280 843 1367 adspemandum:
866 1280 892 1343 si
913 1279 1074 1367 sexaginta
1094 1281 1208 1345 milites
1230 1283 1292 1363 (tot

230 1366 313 1432 enim
327 1364 547 1448 adveniebant)
561 1364 770 1453 propulisset3
787 1365 864 1429 dum
876 1365 1011 1430 refertur
1025 1364 1154 1429 nuntius
1163 1365 1292 1444 Neroni,

244 1594 247 1600 ·
266 1583 375 1630 Petltnrn
386 1581 552 1647 Corbulonem]
563 1582 580 1629 i.
591 1596 612 1629 e.
622 1588 747 1640 tentatum,
781 1578 820 1631 vix
831 1590 873 1639 est,
885 1580 943 1645 quin
953 1580 1032 1631 Boxh.
1042 1598 1123 1631 vuum
1134 1582 1224 1633 viderit.
1246 1582 1295 1643 Re·

231 1654 261 1694 ut
277 1646 383 1696 Μαῖα
400 1661 416 1694 a
431 1646 533 1704 Nerone,
549 1652 573 1692 et
590 1660 644 1693 eum
664 1645 749 1693 Plauto
781 1646 842 1709 cipio
853 1661 913 1693 uana
923 1642 978 1694 eum
988 1641 1113 1711 Bip.Bud
1123 1646 1223 1696 habebat
1231 1660 1295 1693 more

234 1710 329 1757 eonsilia
339 1710 495 1771 eonjungeret.
510 1710 675 1769 Magnetum,
686 1709 750 1771 quod
781 1725 796 1757 a
809 1710 829 1756 l.
845 1724 878 1757 m.
895 1709 961 1757 Idem
973 1712 1107 1771 agebantur.
1140 1710 1213 1760 Recte
1224 1711 1296 1759 inter·

234 1773 315 1821 eMS.
326 1773 364 1821 tt
375 1772 439 1821 dedit
455 1772 563 1828 Piehena,
580 1772 650 1821 etiam
666 1772 702 1820 ed·
713 1789 748 1836 pr.
781 1773 867 1836 punxit
877 1773 976 1821 Ernesti.

234 1836 325 1885 Eadem
345 1846 397 1899 post
413 1843 441 1883 ut
455 1836 533 1883 elarle
550 1837 598 1884 sive
612 1838 652 1884 all
667 1851 749 1884 verum
817 1838 907 1897 Otium,
919 1838 1061 1902 naffuglam]
1069 1838 1187 1903 Suspecta.
1219 1839 1296 1887 latre.

234 1909 276 1958 est,
293 1900 340 1948 sive
350 1908 373 1948 et
388 1903 417 1959 rl,
434 1899 498 1964 quod
513 1900 603 1947 malim.
637 1901 701 1948 Nam
712 1915 750 1948 oo-
783 1899 880 1963 Optime
898 1900 960 1948 hunc
976 1901 1054 1949 locum
1073 1904 1221 1951 emendatum
1239 1912 1298 1966 puto

234 1964 292 2029 pula
309 1964 334 2011 h.
349 1965 365 2011 l.
382 1966 423 2013 vix
439 1964 560 2013 commode
573 1965 652 2012 messe
667 1972 751 2026 potest.
782 1980 797 2013 a
816 1964 848 2011 N.
868 1964 974 2023 Heinsio,
997 1965 1040 2029 qui
1055 1966 1180 2028 legendum
1201 1968 1298 2030 putabet

239 2027 348 2077 Utetiam
358 2026 382 2074 in
394 2028 450 2076 MS.
458 2028 538 2075 Guelf.
546 2028 586 2076 aed
595 2028 620 2075 in
631 2028 748 2089 margine:
783 2029 832 2074 odil
847 2028 984 2089 suffugiunt.
1017 2029 1092 2078 Juvat
1099 2028 1158 2079 MS.
1172 2030 1297 2095 Agricola,

233 2093 259 2140 in
278 2100 344 2139 textu
363 2099 397 2139 eet
417 2107 454 2155 rte.
486 2092 559 2140 Enn-
600 2091 663 2139 Bud.
682 2091 751 2140 etiam
783 2090 825 2155 qui
851 2091 922 2143 habet
947 2093 993 2139 oall
1019 2095 1157 2155 naffugium.
1210 2095 1299 2144 odam

234 2157 351 2207 bahane.
363 2154 403 2202 md
413 2171 428 2203 a
438 2159 502 2203 zm.
535 2155 629 2215 Sensus,
641 2154 683 2217 qui
692 2170 752 2217 prae-
783 2163 862 2203 autem
879 2164 902 2203 et
912 2156 986 2203 otium
997 2155 1062 2204 futile
1078 2156 1174 2206 confusa
1189 2157 1298 2217 inlibris

234 2221 493 2293 cipueaeseexpmteret
503 2218 618 2282 periuriis,
635 2227 662 2265 ut
677 2218 752 2280 impe-
784 2218 854 2266 etiam
874 2220 904 2267 ob
925 2218 1068 2283 scripturam.
1105 2220 1217 2271 Solebant
1235 2222 1298 2270 enim

234 2282 461 2342 diretnetlartete
495 2282 752 2345 Silegasrlclurmn-
784 2283 881 2331 seribere
896 2298 937 2347 per
952 2298 964 2330 e
979 2282 1076 2343 librarii,
1092 2286 1206 2335 uzetiam
1221 2286 1246 2333 in
1262 2284 1299 2334 ed.

162 2354 167 2363 ’
235 2347 333 2409 witiges,
351 2345 372 2393 si
388 2345 518 2409 periculum
536 2345 667 2394 immineret
687 2346 753 2395 elaris
784 2359 820 2408 pr.
840 2362 929 2409 semper
947 2348 1092 2411 exprimitur.
1132 2351 1205 2398 More
1222 2352 1302 2412 tegitis

236 2421 290 2461 m
785 2419 819 2459 est
830 2412 865 2459 vel
877 2427 930 2476 quae
940 2410 1037 2459 infertur
1052 2410 1127 2467 inulta
1143 2414 1172 2463 ab
1188 2414 1248 2474 aliie,
1264 2412 1301 2462 vel

268 2477 417 2528 Bacinora
425 2475 625 2541 ffimae1Modim
640 2475 753 2523 nmterin
785 2491 857 2538 quam
883 2475 928 2523 sibi
954 2475 1006 2538 quis
1033 2477 1082 2539 ipse
1108 2475 1179 2526 infert
1204 2479 1301 2526 inaltus.

239 2540 410 2604 Novoantiquis
420 2555 458 2603 ep.
470 2542 508 2588 15.
518 2540 583 2604 legit,
595 2554 659 2586 more
667 2541 755 2603 βω,
785 2539 870 2588 Sensus
886 2554 941 2600 ergo
956 2548 999 2595 est,
1015 2554 1045 2588 ne
1060 2541 1144 2589 sineret
1159 2557 1184 2590 se
1198 2542 1301 2590 inultum

237 2614 259 2654 et
278 2608 432 2666 augebantur,
452 2614 527 2652 amte.
565 2602 606 2650 Ita
621 2603 656 2650 Η.
673 2606 697 2661 t,
714 2605 753 2650 50.
784 2603 865 2664 perire.
898 2602 962 2650 Nam
979 2603 1051 2652 telem
1066 2613 1166 2652 mortem
1182 2621 1232 2654 esse
1264 2603 1301 2654 ui-

237 2672 311 2718 More
315 2670 392 2732 samoe
403 2671 429 2716 la
438 2671 515 2730 majus
527 2669 655 2714 innotuere.
677 2666 753 2715 Istra.
785 2665 838 2714 dern
854 2665 902 2714 adii
917 2665 1054 2730 suffugium,
1072 2667 1170 2717 liberare
1186 2672 1216 2717 ab
1263 2670 1269 2682 '
1293 2683 1302 2724 ε

236 2735 340 2794 Vixeet,
356 2741 384 2782 ut
399 2747 446 2780 non
458 2730 571 2794 scripserit
582 2730 679 2779 Tacitus
690 2731 750 2778 odlo.
784 2739 810 2777 at
830 2729 889 2786 nihil
910 2730 975 2778 aliud
995 2730 1040 2778 nisi
1064 2733 1235 2782 miserationem
1259 2733 1302 2784 ha·

236 2799 275 2846 Sic
287 2797 321 2844 H.
333 2802 356 2859 l,
367 2798 405 2846 tl.
439 2796 603 2858 Sed‘plurlma
613 2795 646 2840 erl
652 2795 752 2858 fingere·
785 2795 839 2842 bere
854 2794 964 2843 inanem:
981 2793 1086 2844 homines
1102 2794 1197 2859 quidem
1214 2797 1304 2846 miseri·

236 2864 294 2910 dam
315 2861 500 2921 medendumque
518 2861 629 2906 materies
649 2859 676 2904 lu
695 2860 754 2920 ipris
786 2857 863 2906 cordia
894 2859 991 2917 moveri,
1023 2859 1043 2906 si
1070 2859 1105 2907 vir
1130 2855 1230 2923 magnus
1263 2857 1305 2910 uli

237 2929 321 2974 cenric
339 2929 401 2985 odio,
419 2931 491 2981 nutu,
508 2930 539 2984 et,
562 2924 601 2968 uti
618 2923 680 2969 viret
699 2937 755 2968 suae
786 2930 860 2970 morte
880 2932 966 2985 pereat,
989 2922 1030 2970 aed
1051 2938 1102 2970 earn
1124 2923 1303 2974 misericordiam

238 2996 395 3052 repereram
406 2990 537 3034 securitate.
564 2986 656 3033 Gaon.
682 2987 755 3034 More
785 2985 845 3034 nihil
876 2985 987 3049 prodesse
1036 2985 1150 3036 Patavius¹
1176 2981 1304 3054 oorrigebat

238 3051 524 3112 verumessedocuitpost
535 3049 755 3113 MS.l·’lor.eetque
786 3052 886 3096 oausam
912 3051 1050 3112 suffugium,
1081 3051 1146 3115 quod
1172 3056 1255 3116 probat
1280 3063 1304 3104 et

238 3118 308 3192 etiam
318 3117 344 3166 in
354 3117 390 3165 ed·
401 3132 437 3179 pr.
448 3124 471 3163 et
479 3114 533 3188 MS.
541 3113 623 3176 Agrie.
634 3113 696 3161 ande
703 3118 754 3160 me·
786 3112 912 3188 Broterius.
944 3115 989 3192 Sed
1006 3117 1105 3164 otiorum
1121 3115 1197 3166 lenius
1212 3126 1247 3166 est
1262 3133 1304 3182 pro

238 3175 756 3306 tmmttmffitlttuiltlt
786 3192 862 3289 ‘lieri
878 3181 1305 3304 ‘l‘lrlglllae'ls‘illllilumsi

239 3324 294 3358 aum
305 3316 358 3357 ante
368 3316 427 3363 esset
436 3308 583 3368 agebantur.-
598 3314 665 3352 reete.
699 3305 769 3362 viu,
788 3308 812 3363 ὃ,
824 3306 848 3353 3.
881 3305 942 3354 Mox
954 3308 1106 3356 adveniebant
1122 3307 1157 3356 ed.
1174 3325 1208 3372 pr.
1226 3309 1305 3369 Rhen,

240 3389 310 3436 snpra
319 3373 377 3421 ade
387 3374 426 3421 54.
453 3371 605 3420 Credentlam
616 3372 662 3416 atla
672 3368 755 3435 feram,
787 3368 827 3416 sed
842 3369 933 3417 Puteal.
950 3369 1005 3418 Ber.
1021 3371 1076 3418 Ale.
1096 3373 1222 3419 venabant-
1256 3373 1305 3426 De,

240 3435 614 3485 anahnaommodumsensum.
638 3433 665 3481 Si
675 3441 756 3481 tamen
787 3432 842 3480 inde
862 3433 968 3496 legitima
986 3433 1101 3482 Irafirutus
1118 3434 1251 3498 posmlabat
1268 3452 1305 3484 re.

240 3503 294 3548 odio
315 3501 414 3564 planat,
440 3497 573 3562 legendum,
595 3497 685 3559 opinor,
704 3497 756 3557 erit,
781 3497 893 3560 fieretur
903 3506 927 3544 et
939 3505 1090 3558 pertentaret,
1107 3507 1130 3546 et
1145 3516 1205 3563 supe
1219 3501 1246 3548 in
1261 3501 1305 3550 hoe

236 3568 391 3628 presentium
408 3565 468 3619 odio,
489 3575 536 3610 non
558 3563 710 3620 mamutium,
731 3569 758 3608 ut
789 3575 872 3622 genere
889 3563 1008 3624 peceatum
1025 3562 1049 3608 in
1067 3559 1133 3612 libris
1152 3564 1228 3612 Taciti
1246 3581 1261 3614 a
1276 3565 1305 3612 li.

239 3629 296 3678 alibi
311 3640 389 3676 noster
402 3628 513 3690 loquitur.
546 3625 694 3673 Boxhomius
711 3639 757 3672 non
788 3625 871 3674 trariis
893 3624 999 3672 vidimus.
1044 3625 1116 3674 Ean.
1152 3627 1207 3692 Bip.
1233 3628 1305 3694 conji-

240 3691 410 3751 malenotarit,
426 3689 484 3737 illud
500 3704 548 3737 rena
563 3703 611 3736 non
627 3689 683 3735 sans
695 3703 758 3736 rom-
790 3687 855 3736 ciunt
876 3689 939 3734 ocius
959 3690 1089 3750 suffugium
1109 3706 1156 3740 esre
1177 3709 1209 3739 m.
1227 3709 1251 3740 rt.
1273 3710 1307 3742 m.

241 3757 310 3805 mode
319 3756 376 3820 poni
385 3755 411 3802 in
421 3755 467 3802 fine
477 3752 757 3817 praeedmtisoralionisr
791 3750 854 3815 quod
868 3751 984 3800 illustrant
998 3769 1026 3800 ex
1044 3755 1100 3802 Sall.
1118 3755 1171 3804 Cat.
1181 3759 1221 3804 tu.
1236 3759 1306 3805 mira

241 3821 289 3879 sed,
302 3819 365 3884 quod
375 3818 400 3866 id
410 3818 497 3866 mutari
505 3816 586 3865 rultin
595 3833 655 3863 nana
664 3818 759 3880 (quam-
791 3817 837 3862 riis
848 3818 897 3863 sair
908 3817 1037 3864 ronredium
1052 3826 1151 3866 rnortem
1165 3829 1307 3882 repedare.

242 3900 314 3948 quam
324 3885 375 3932 hae
385 3885 455 3931 verba
464 3896 510 3930 non
521 3896 572 3928 raro
587 3881 612 3927 in
627 3881 693 3928 libris
707 3896 760 3942 per-
792 3878 876 3928 Hiller.
888 3879 946 3928 Rae.
960 3883 999 3928 22.
1010 3888 1088 3928 tuetur
1099 3881 1162 3946 vulg.
1197 3879 1262 3932 Mihi
1271 3885 1307 3933 lo-

242 3947 376 4008 mutantur)
394 3955 418 3994 et
436 3947 466 3994 ad
487 3944 605 4009 sequentia
617 3944 713 4003 reterri,
735 3943 761 3992 id
791 3958 832 3991 uua
848 3944 1030 4006 interpunctione
1046 3947 1122 3994 sanari
1137 3961 1203 4009 posse
1218 3947 1308 3997 videtur

243 4027 290 4060 non
300 4010 452 4059 neoesmrium
463 4009 561 4057 videtur.
594 4008 674 4056 Placet
682 4018 760 4056 tamen
791 4007 839 4055 ita:
856 4011 928 4070 φης.
946 4025 965 4056 r.
977 4023 1009 4054 m·
1025 4011 1115 4056 utum.-
1132 4013 1185 4070 ruff.
1202 4019 1225 4059 et
1237 4029 1269 4061 m.
1283 4030 1310 4063 tt.

243 4071 624 4138 Broterio.1nterpunetiovitioea
635 4082 677 4130 est,
689 4087 761 4135 quam
792 4074 941 4120 miseratione
952 4089 972 4119 r.
985 4073 1004 4118 b.
1016 4080 1058 4120 etc.
1091 4076 1307 4126 Miseratlomt.

245 4154 288 4187 nas
303 4155 316 4186 e
331 4154 368 4202 pr.
377 4138 419 4186 ed.
429 4138 576 4187 mrreximus·
610 4135 656 4182 lid.
668 4136 760 4183 Puteal.
793 4135 907 4185 m.habet
917 4137 979 4184 Bud.

244 4200 536 4316 tpffiffitppemuffi
563 4199 762 4314 {ffiffl
828 4202 985 4266 Propertius]
1003 4200 1066 4250 auu
1087 4201 1147 4250 mue
1163 4192 1311 4266 proauum:
