3042 4950
272 272 425 352 acas]
631 272 709 332 LIB.
732 274 818 334 XIII.
840 276 932 334 CIP.
958 280 1001 335 15.
1279 281 1336 336 139

275 442 296 485 ⁴⁴
305 447 497 535 exsurgeret,
511 454 755 521 progressusque
764 437 797 498 in
807 436 959 516 medium,
973 449 1099 502 cantum
1111 436 1248 524 aliquem
1260 432 1338 499 inci-

272 521 531 609 peret‚'’1n1isum
545 532 585 583 e'x
595 530 773 605 eo'spe'rans
783 521 884 607 pueri,
893 522 1012 585 sobrios
1024 539 1151 608 quoque
1164 520 1335 600 convictus,

273 605 388 670 nedum
404 604 600 682 temulentos,
611 604 801 691 ignorantis3
824 605 878 670 ille
887 617 1064 671 constanter
1075 617 1338 672 exorsusestcara

272 712 355 767 men,
393 713 446 767 uo,
470 689 666 755 “evolutum
679 713 751 755 eum
766 691 839 756 sede
852 691 955 792 patria
966 691 1124 777 rebusque
1137 690 1284 791 summis”
1298 690 1339 754 sia

296 773 385 839 nifica
426 788 487 840 tur.
532 775 630 841 Unde
643 787 713 841 orta
726 776 882 842 miseratro
891 776 1091 855 manifestior,
1129 776 1181 840 uia
1194 776 1340 840 drasamu-

272 798 419 925 lationem
436 882 500 925 nox
520 874 552 926 et
570 860 696 926 lascivia
713 877 879 928 exemerat.
924 865 1021 941 Nero,
1042 800 1338 960 intellecta-invidia,

272 945 380 1010 odium
392 946 544 1011 Intendit:
566 947 815 1034 urgentibusque
823 948 1009 1037 Agrippinae
1020 947 1121 1024 minis,
1131 968 1207 1034 qu1a
1217 943 1340 1009 nullum

273 1030 400 1111 crimen,
423 1054 531 1119 neque*
539 1032 652 1119 jubere
668 1032 785 1097 eaedem
807 1034 912 1098 fratris
924 1034 1028 1122 palam
1048 1031 1205 1109 audebat,
1218 1028 1341 1096 occulta

274 1116 418 1180 molitur:
443 1117 643 1203 “pararique
656 1119 830 1181 venenum''
846 1120 950 1206 jubet,
965 1118 1109 1184 ministro
1124 1115 1265 1182 Pollione
1278 1116 1341 1179 Ju‘-

273 1200 325 1278 lio,
341 1201 501 1265 Praetoriae
524 1202 659 1265 cohortis
677 1202 834 1281 Tribuno',
852 1204 947 1286 cuius
963 1226 1041 1267 cura
1064 1202 1262 1281 adtinebatur
1283 1199 1340 1264 das

273 1297 379 1348 mnata
387 1285 526 1349 veneficii
540 1286 664 1350 nomine
678 1287 822 1366 Ladesta,
833 1273 934 1353 multa
947 1287 1097 1352 scelerum
1110 1288 1204 1351 fama.
1240 1285 1339 1382 Nam,

273 1380 310 1431 ut
324 1370 488 1453 proximus
502 1371 636 1467 quisque
656 1370 837 1438 Britannico
850 1395 953 1459 neque
966 1373 1014 1437 fas
1027 1394 1128 1459 neque
1142 1369 1237 1467 fidem
1251 1390 1340 1455 pensi

274 1452 413 1535 haberet,
425 1454 499 1521 olim
509 1479 671 1543 provisum
684 1470 761 1523 erat.
798 1456 942 1523 Primum
951 1479 1107 1522 venenum
1119 1456 1161 1521 ab
1174 1476 1251 1541 ipsis
1264 1452 1342 1517 edu-

275 1539 431 1605 catonibus
453 1541 581 1627 accepit,
603 1542 846 1641 transmisitque,
868 1542 1010 1609 exsoluta
1030 1542 1112 1620 alvo,
1133 1562 1247 1639 parum
1265 1537 1342 1603 vali-

276 1623 364 1705 dum,
391 1626 456 1690 sive
477 1639 757 1713 temperamentum
778 1645 890 1707 meret,
914 1652 955 1692 ne
975 1627 1080 1693 statim
1102 1636 1233 1691 saevlret.
1278 1624 1343 1689 Sed

276 1712 372 1787 Nero,
387 1710 463 1775 lenti
478 1709 598 1777 sceleris
608 1710 773 1799 inpatiens,
787 1713 924 1779 minitari
939 1713 1098 1792 Tribuno,
1108 1712 1222 1799 jubere
1236 1717 1257 1747 ‘⁴
1268 1732 1344 1797 sup-

273 1792 402 1943 Elicium
412 1796 568 1875 veneficae,
582 1797 680 1894 quod,
691 1797 770 1862 dum
781 1822 939 1864 rumorem
949 1798 1129 1949 repiciunt
1141 1797 1220 1896 dum
1229 1807 1343 1897 parant

297 1880 478 1960 elensiones,
503 1893 698 1947 secuntatem
723 1885 946 1950 morarentur.'’
1018 1881 1251 1970 remittentlbus
1267 1879 1343 1948 dem

275 1972 295 2003 “
309 1960 375 2029 ‘tam
389 1966 582 2053 praeeipitem
595 1989 714 2047 necem,
729 1992 825 2055 quam
845 1970 871 2035 si
891 1971 975 2035 ferro
995 1969 1191 2067 urgeretur,”
1210 1966 1341 2065 cubicu-

273 2049 491 2199 ludeaesaris
504 2052 610 2138 juxta,
632 2052 819 2139 decoquitur
835 2054 932 2134 virus,
952 2054 1084 2141 cognitis
1102 2066 1195 2119 antea
1215 2073 1342 2116 venenis
1366 2062 1369 2065 ’

276 2156 343 2223 rapi
368 2158 433 2199 um.

275 2259 402 2327 Grypbius.
434 2263 491 2324 Quo
508 2274 600 2317 auctore
619 2268 675 2317 MS.
693 2272 792 2321 sturm
825 2272 896 2321 deleri
912 2276 963 2324 vult
973 2273 1103 2323 Acidaliae.
1131 2274 1222 2323 Verum
1236 2273 1344 2325 rideturr

274 2326 392 2376 invectum
406 2328 436 2377 sit
449 2330 475 2377 iu
493 2332 560 2395 lips.
574 2332 683 2382 Pichenae
697 2343 739 2384 etc.
751 2350 793 2385 ne·
825 2352 880 2385 eum
898 2339 1026 2401 presertim
1045 2339 1124 2387 statim
1142 2348 1254 2402 sequatur
1268 2340 1346 2403 jabet.

276 2390 329 2439 scio.
347 2388 393 2439 Ed.
403 2408 439 2456 pr.
450 2394 527 2443 adhuc
535 2396 671 2474 exquisitius
679 2400 793 2461 ablatura,
824 2400 899 2449 Porro
916 2403 1030 2451 Heinsius
1042 2404 1152 2462 malebat,
1169 2404 1282 2450 accidiam
1293 2417 1344 2450 aw-

276 2455 338 2518 quod
349 2456 408 2505 mibi
418 2472 488 2522 supra
497 2458 644 2510 librariorum
653 2471 748 2527 ceptum
758 2465 794 2513 vi.
826 2466 903 2514 liter:
920 2470 985 2518 bene.
1009 2468 1071 2516 Item
1075 2468 1206 2530 pararique
1212 2467 1266 2516 dedi
1274 2467 1344 2516 eccd.

276 2519 351 2579 detur,
363 2521 429 2584 eique
440 2537 501 2587 sape
516 2526 664 2575 substituitur
674 2531 758 2588 afferm
769 2529 794 2576 in
827 2530 889 2578 Flor·
902 2531 965 2595 quod
974 2533 1095 2580 Broteriua
1101 2531 1206 2580 imitatus
1217 2540 1259 2580 est.
1275 2529 1345 2580 Editi

275 2584 324 2631 istis
345 2584 459 2648 formulis,
483 2587 508 2634 in
529 2589 614 2652 quibus
634 2598 657 2638 et
673 2594 795 2656 (ψῆφοι
826 2609 906 2643 omnes
916 2603 1000 2657 proter
1010 2596 1037 2644 J.
1047 2596 1120 2645 Gran.
1129 2595 1178 2643 sine
1186 2596 1277 2658 copula.
1294 2595 1346 2644 Vo-

275 2649 359 2708 afferre
374 2658 465 2698 rectum
482 2659 524 2712 est,
542 2661 569 2700 ut
586 2661 692 2714 martem,
710 2671 796 2703 moero-
825 2658 871 2705 luit
881 2667 959 2706 tamen
970 2659 1002 2707 sic
1012 2659 1079 2708 edere
1088 2659 1205 2708 Picbeuae
1223 2659 1346 2724 sedcperae
1425 2706 1430 2714 ,

276 2713 793 2844 arretrammstuma·
826 2724 1346 2844 summitatum

274 2849 336 2888 terea
346 2812 422 2891 ununi
431 2843 500 2892 illum
511 2844 597 2893 librum
608 2847 675 2910 sequi
685 2861 732 2896 uon
741 2864 795 2897 sum
827 2802 890 2898 Bprid.
901 2854 968 2903 redas
983 2822 1083 2900 simma
1099 2854 1188 2916 absque
1302 2869 1345 2916 ap·

275 2917 352 2961 ausus,
363 2905 403 2953 sed
413 2909 517 2955 allatura
527 2908 596 2956 edidi.
630 2910 692 2959 Mox
702 2927 745 2976 pro
755 2915 797 2960 abt
826 2914 932 2977 positive,
944 2926 972 2964 ut
983 2917 1099 2966 Rhenauo
1112 2917 1195 2979 placet
1242 2916 1297 2965 dem
1307 2931 1346 2963 oc·

275 2969 359 3018 frustra
369 2969 492 3020 Acidalius
502 2972 595 3022 volebat
606 2978 658 3023 ani.
690 2975 729 3024 De
739 2991 795 3026 con·
827 2981 1029 3043 calta...parari.
1064 2982 1094 3030 In
1107 2980 1161 3029 edit
1174 2980 1283 3029 Piehente
1294 2979 1347 3031 Frt.

276 3034 400 3082 amatione
417 3035 481 3083 verbi
493 3038 577 3099 jaare,
595 3053 643 3101 qua
658 3039 697 3087 hic
717 3050 800 3099 noster,
829 3044 1101 3109 1607.omninolegitur
1107 3047 1246 3108 pararique.

276 3097 357 3158 utitur,
377 3111 449 3162 supra
467 3099 522 3148 satis
539 3100 627 3150 dictum
645 3103 676 3151 ad
696 3106 735 3165 lI,
752 3102 794 3153 32.
860 3109 968 3157 Pollione
985 3111 1063 3171 aare]
1083 3109 1147 3158 Puto
1161 3125 1215 3158 eum
1228 3125 1286 3168 esse,
1303 3109 1347 3174 qui

277 3161 351 3209 Ean.
825 3179 904 3234 postea
915 3173 985 3221 Praet
996 3173 1109 3222 Pretorio
1120 3173 1175 3234 fuit,
1186 3176 1230 3223 sab
1242 3173 1346 3224 Othone.
1450 3238 1454 3244 .

310 3225 450 3274 Camaater
464 3241 560 3276 caerem
574 3237 610 3279 ert
620 3243 713 3280 catenen
744 3233 794 3282 Ve-
825 3235 1210 3288 mcerluurchtnothoneat.
1227 3239 1304 3288 L1rs.

275 3288 505 3342 tusilludexEnnio
512 3293 594 3342 tritum
603 3295 652 3360 (ap.
661 3297 710 3345 Cic.
744 3313 794 3348 usa.
861 3302 926 3349 Olim
933 3304 1071 3367 praeissem]
1089 3302 1152 3352 mdo
1164 3305 1204 3363 12,
1215 3304 1255 3351 41.

274 3354 299 3411 ³,
313 3352 381 3416 la.)=
402 3356 424 3403 0
435 3363 515 3418 pater,
532 3372 546 3404 o
557 3361 651 3422 patria,
668 3376 682 3408 a
697 3363 794 3410 Priami
861 3366 1007 3428 Quaddum]
1022 3366 1065 3415 Bis
1079 3367 1172 3414 damin
1189 3367 1226 3416 ed.
1241 3384 1277 3432 pr.
1288 3367 1344 3418 Pur.

275 3419 357 3464 domur
379 3420 477 3482 Septem
498 3423 598 3470 altisono
618 3427 713 3473 cardine
734 3433 794 3473 tem-
826 3441 874 3475 non
890 3428 986 3478 denum
1004 3431 1030 3478 in
1041 3430 1078 3478 ed.
1098 3431 1176 3480 Rhea.
1194 3432 1303 3480 Berodd.
1321 3442 1346 3481 et

271 3484 350 3544 picen,
367 3491 410 3532 etc.
427 3483 502 3532 uns.
537 3488 678 3538 Constantes
694 3497 728 3538 est
744 3490 794 3538 eine
827 3491 882 3538 Alc.
891 3493 943 3540 edd.
955 3508 1020 3550 casu,
1031 3503 1060 3541 ut
1069 3495 1160 3558 opinor,
1172 3496 1276 3544 omisere.
1302 3499 1345 3546 Se-

275 3555 340 3594 metu
352 3555 376 3594 et
386 3547 649 3615 hancuonefflromte:
666 3569 792 3618 quosensu
826 3558 952 3604 acritatem
965 3571 1046 3606 omnes
1060 3568 1143 3623 praeter
1158 3576 1193 3624 pr.
1227 3577 1264 3608 uae
1273 3561 1345 3610 habet

273 3621 337 3673 sepe
350 3611 415 3675 apud
432 3620 537 3662 nastrum
553 3621 682 3665 emittentia
700 3618 792 3666 dicitur.
825 3622 967 3670 securitates
983 3621 1195 3672 idemvoluitdare
1247 3640 1344 3688 eamus,

276 3674 379 3723 Caraaea
398 3690 503 3734 exorsae,
522 3687 556 3726 est
574 3680 663 3743 phrasis
683 3681 792 3731 Liviana.
826 3684 952 3749 sedoperae
965 3701 1012 3734 non
1027 3700 1131 3750 paruere.
1164 3690 1249 3754 Itaque
1263 3690 1344 3738 etAl·
1436 3680 1442 3688 ’

273 3736 375 3799 Deinde,
387 3740 430 3788 etsi
446 3733 552 3806 intelligo
561 3748 705 3806 summisque
716 3749 792 3809 redeas,
825 3749 878 3811 dus,
891 3751 983 3816 Grypb.
998 3751 1059 3800 illud
1072 3752 1167 3813 habent,
1183 3755 1246 3819 quad
1261 3770 1344 3804 venam

274 3808 297 3848 et
308 3817 377 3865 supra
393 3803 482 3854 dietum
496 3814 530 3855 cst
545 3823 567 3855 c.
584 3810 621 3857 13.
639 3813 792 3874 rammasar·
825 3824 867 3864 eet.
900 3815 1010 3865 Oetemm
1026 3817 1110 3866 saltem
1129 3833 1178 3866 esse
1194 3818 1293 3866 debebat
1305 3834 1343 3867 re·

274 3872 340 3927 tana,
357 3875 435 3920 tamen
450 3868 489 3918 hia
504 3885 588 3928 veram,
605 3887 635 3922 ne
645 3888 699 3922 vera
716 3875 793 3924 Taciti
824 3881 1034 3944 aptatant‚pareat.
1050 3882 1123 3930 Ean.
1146 3883 1210 3930 Bud.
1222 3882 1257 3930 bis
1267 3885 1341 3932 dame

274 3943 358 4006 manus
379 3932 409 3980 eit
430 3935 541 3996 rebarque
563 3937 619 3984 sair.
663 3938 729 3987 Nam
750 3954 793 3990 net
823 3945 880 3993 item
891 3949 1024 3995 securitate.
1040 3944 1343 4011 Rhenidexplicatobee-

274 3993 334 4042 dunt
342 3997 393 4043 sede
405 3997 519 4054 Cesarea
536 4009 577 4050 aut
587 4001 663 4051 simile
673 4003 739 4067 quid,
751 4005 792 4052 sed
826 4008 958 4058 caritatem

276 4067 366 4107 tanturn
373 4063 465 4122 patria,
478 4071 506 4111 ut
520 4063 637 4127 indicaret,
654 4067 697 4116 sibi
713 4083 738 4115 er
767 4076 792 4118 ta
853 4075 1008 4140 *Urgeretur1
1033 4074 1093 4140 Agr.
1112 4079 1246 4135 necaretur,
1266 4076 1343 4125 mani.

276 4137 324 4181 sua,
336 4125 445 4188 quaesibi
459 4125 603 4178 deberentur.
637 4132 738 4180 Namiu
825 4136 884 4185 festa
891 4139 974 4202 glossa.

276 4195 794 4309 aen
824 4203 1343 4318 aarum

278 4327 339 4372 naar,
352 4315 442 4365 docebit
457 4328 539 4383 preter
553 4323 611 4372 alios
626 4323 745 4373 Drakenb.
762 4325 793 4374 nd
825 4332 895 4379 c.33.
911 4332 984 4382 uns.

279 4374 331 4425 Liv-
345 4381 370 4441 δ,
381 4381 419 4451 II.
430 4391 488 4433 extr.
508 4383 571 4434 Mox
571 4389 655 4449 jubere
666 4403 708 4450 pro
718 4390 794 4452 possa
