3042 4950
232 289 259 327 r.
275 287 302 328 ο.
316 269 379 344 ea]
605 250 683 326 mn.
704 264 777 323 x11.
800 264 883 324 cnr.
901 270 930 325 a.
1258 267 1297 326 ss

234 431 329 497 modo
342 431 425 508 illue,
448 440 484 494 ut
498 423 654 514 quemque
668 424 865 490 suadentium
880 423 1032 503 audierat,
1047 425 1222 514 promptus,
1236 425 1299 491 dis·

236 518 397 582 cordantes
412 516 445 577 in
459 512 620 578 consilium
636 526 736 591 vocat,
752 535 788 575 ao
803 520 825 551 “
838 531 991 598 promere!
1000 514 1183 576 sententiam
1198 527 1229 577 et
1243 512 1300 577 ad·

235 603 330 689 jioere
345 600 500 664 rationes”
513 599 613 685 jubet.

281 687 330 748 ΙΙ.
345 685 508 750 Narcissus
523 691 545 722 ‘⁴
556 698 645 748 vetus
656 681 898 760 matrimonium,
910 679 1058 745 familiam
1073 685 1302 761 communem,”

239 771 326 853 (nam
342 771 481 835 Antonia
495 793 534 834 ex
549 769 660 833 Petina
679 773 759 852 erat)
784 776 805 807 “
820 768 897 830 nihil
918 767 950 831 in
965 767 1136 831 Penatibus
1159 769 1229 854 ejus
1246 791 1302 832 no·

234 857 342 934 vum,'’
362 856 541 934 disserebat,
561 861 582 892 “
598 855 623 918 si
638 868 726 919 sueta
740 854 878 939 conjunx
892 852 1028 927 rediret,
1051 853 1299 950 haudquaquam

235 941 451 1006 novercalibus
471 940 550 1004 odiis
566 963 693 1005 usuram
709 939 743 1001 in
761 938 977 1003 Britannicum
995 952 1026 1002 et
1043 940 1216 1016 Octamam,
1228 961 1303 1035 pro-
1382 969 1385 973 ²

236 1025 323 1090 xima
345 1027 407 1091 suis
428 1026 588 1113 pignora?
631 1023 777 1089 Callistus
799 1030 821 1061 “
836 1023 1032 1110 inprobatam
1048 1022 1143 1110 longo
1162 1023 1302 1103 disordio,

238 1133 286 1188 ao,
302 1112 327 1175 si
341 1135 448 1176 rursus
458 1111 682 1188 adsumeretur,
693 1133 730 1172 eo
741 1109 809 1194 ipso
820 1110 1004 1195 superbam:
1020 1109 1175 1195 longeque
1189 1108 1303 1172 rectius

238 1195 375 1261 Lolliam
383 1196 499 1273 induci,
510 1195 636 1280 quando
650 1194 751 1257 nullos
762 1193 875 1257 liberos
884 1194 1051 1278 genuisset,
1061 1210 1191 1257 vacuam
1206 1217 1304 1258 aemu-

238 1279 364 1359 latione,
383 1294 415 1344 et
435 1280 587 1366 privignis
608 1279 744 1365 parentis
766 1279 835 1342 loco
860 1279 1030 1342 futuram.”
1073 1279 1120 1340 At
1146 1278 1250 1341 Pallas
1270 1278 1305 1341 id

237 1366 373 1430 maxime
384 1365 417 1428 in
427 1365 510 1452 Agri
533 1365 609 1451 pina
619 1364 756 1443 laudare,
775 1371 796 1403 “
808 1363 895 1450 quod
906 1361 1085 1426 Germanici
1099 1375 1244 1448 nepotem
1260 1385 1306 1426 se-

239 1471 312 1512 cum
334 1451 479 1528 traheret,
518 1472 627 1536 rgnum
648 1473 776 1536 prorsus
795 1449 1000 1536 Imperatoria
1017 1448 1156 1525 fortuna,
1177 1447 1305 1534 stirpem

239 1533 385 1615 nobilem,
414 1550 445 1599 et
477 1534 603 1599 familiae
633 1535 777 1610 Claudiae
809 1558 883 1622 quae
910 1548 1050 1620 posteros
1078 1533 1303 1620 conjungeret3

241 1735 242 1739 ,
283 1697 317 1743 Ut
341 1709 452 1757 quemque
477 1677 625 1742 madentium
650 1695 758 1742 aadeerat
789 1691 982 1767 trabinunquam
992 1689 1076 1755 patiar.
1107 1691 1227 1766 Significat
1236 1693 1307 1749 enim,

235 1758 756 1885 bttttldtttattttsltlitt
790 1755 1309 1885 mundibrium&

190 1941 194 1948 ἱ
241 1885 281 1933 60.
299 1886 370 1933 Eun.
402 1886 472 1935 Aeid.
480 1902 578 1950 pronas.
789 1883 844 1930 dem
855 1884 929 1946 Lipsii
940 1889 1007 1945 qum,
1021 1893 1044 1931 et
1061 1884 1171 1947 sagaciter
1185 1887 1307 1936 odoratum

273 1951 442 1998 Discordaatea
453 1954 479 1998 ta
490 1953 612 1998 curtadiam
623 1951 702 2013 vocat]
719 1949 758 1998 Sic
791 1948 913 1995 Muretum
923 1956 989 2011 puto,
1000 1962 1047 1994 non
1057 1950 1136 1996 sunnia
1147 1946 1306 1999 loeum'sutmr

242 2027 291 2060 non
306 2014 375 2062 modo
387 2014 459 2062 MSS.
471 2015 532 2077 Agr.
550 2023 572 2061 et
587 2015 645 2076 Reg.
657 2030 694 2076 ap.
707 2014 758 2076 Ry.
790 2019 883 2058 tenmer
900 2012 941 2058 sed
952 2027 1022 2074 quem
1039 2013 1165 2074 appellavit
1180 2023 1259 2061 auctor
1272 2017 1309 2062 dt-

241 2077 377 2135 etiamsed
388 2087 411 2125 et
423 2079 501 2124 Guelf.
511 2086 533 2124 et
543 2083 622 2124 omne's
633 2087 686 2124 vett.
703 2077 756 2124 edd.
787 2090 865 2135 greum
875 2077 1150 2136 Imperatoriafortuna,
1163 2092 1216 2124 eum
1227 2079 1308 2126 eodem

241 2155 300 2204 quas
310 2140 407 2202 inspexi.
434 2141 542 2188 Primum
551 2142 675 2186 cormiliam
685 2141 710 2186 in
721 2140 757 2187 ed.
790 2137 870 2184 ordine
887 2136 962 2184 vorari
981 2140 1079 2198 stirpem
1097 2141 1203 2199 nobilem,
1222 2157 1308 2204 parum

241 2203 317 2268 lipsii
331 2203 387 2264 vidi,
404 2203 428 2252 in
446 2219 517 2268 quam
535 2203 599 2250 haud
618 2203 688 2252 dubie
703 2204 761 2251 vitio
791 2216 842 2248 sore
865 2216 996 2264 parumque
1022 2201 1105 2250 dwens
1129 2204 1188 2251 nrihi
1210 2205 1309 2255 ridetur.

240 2283 363 2331 operarum
381 2268 478 2332 irrepsit.
514 2269 645 2317 Cenabum
660 2267 759 2316 restituit
793 2265 873 2312 Scribo
882 2274 978 2312 autem:
995 2267 1053 2327 qaia
1068 2269 1167 2328 stirpem
1177 2270 1275 2316 nobilem
1286 2279 1309 2320 et

241 2332 355 2394 Ryelrius.
377 2331 538 2380 Frustraillud
545 2332 642 2380 servavit
649 2332 676 2380 J.
685 2333 760 2380 Gran.
784 2331 890 2392 familioe
910 2331 1017 2378 claudia
1028 2337 1133 2392 posteros
1152 2337 1308 2396 confingeret.

241 2395 365 2444 nixuscod.
374 2396 437 2444 Flor.
453 2395 760 2458 Manedpnaddieerepro
792 2394 893 2452 Hocest,
902 2409 1042 2456 magnopere
1048 2394 1151 2453 suadere,
1156 2396 1309 2448 utdiduemm

243 2461 343 2523 edjimre
353 2477 367 2508 e
377 2476 419 2509 scr.
431 2468 506 2510 vetere
515 2461 614 2509 edicere.
631 2461 703 2508 Eun.
791 2459 896 2506 nuncin
912 2457 970 2506 duas
986 2458 1071 2507 domus
1086 2459 1168 2523 prima
1184 2461 1310 2513 nobilitatis

273 2526 405 2571 anr’ltam
421 2526 575 2585 communem]
591 2525 700 2573 Muretus
703 2526 761 2585 fili·
792 2531 885 2584 gentem
903 2531 1016 2570 reroearet
1033 2524 1058 2570 in
1075 2538 1157 2582 unam,
1176 2533 1199 2572 et
1216 2527 1309 2577 Claudii

242 2604 299 2636 amr
322 2590 422 2651 probant
447 2588 576 2647 Aoidalius,
600 2596 624 2637 et
644 2589 758 2651 Rycldus.
792 2587 892 2633 nominis
908 2595 1017 2649 postem,
1032 2602 1102 2649 seque
1114 2597 1137 2635 et
1151 2587 1227 2636 fratris
1238 2605 1309 2655 nepo.

242 2652 323 2700 Recte.
356 2655 488 2700 Familiam
504 2653 534 2700 de
550 2666 598 2701 uno
615 2652 689 2716 sapite
704 2652 759 2712 diei,
791 2658 848 2710 tem,
860 2660 933 2697 matre
940 2651 1004 2697 illius
1013 2666 1086 2699 uxore
1093 2652 1171 2709 dueta,
1184 2653 1310 2705 Penatibus

242 2715 347 2765 nondum
357 2717 440 2779 reperi.
461 2716 533 2764 Ean.
677 2718 679 2723 ’
791 2714 935 2768 consociaret,
947 2715 1310 2781 nematronafelioisetprobati

250 2810 253 2815 -
273 2781 391 2845 Antonia]
410 2782 441 2830 V.
453 2780 518 2829 Suet.
530 2778 615 2828 Claud
626 2780 666 2839 26,
675 2781 716 2835 27.
791 2778 859 2838 uteri,
872 2788 938 2826 aetate
947 2779 1020 2826 habili
1030 2788 1054 2827 et
1066 2780 1189 2839 indeflexa,
1200 2785 1309 2847 conjugio

277 2846 448 2892 Noueresltbns
463 2845 524 2893 odiis
535 2859 609 2891 asara
620 2846 646 2891 ia
657 2846 759 2892 Britan-
791 2857 834 2890 suo
844 2844 1094 2907 quemeumquealium
1101 2846 1219 2893 extolleret
1229 2862 1256 2895 ac
1266 2864 1310 2897 no·

242 2908 335 2971 almam]
367 2909 405 2957 Sin
421 2909 456 2956 ed.
478 2909 569 2955 Puteal.
591 2908 688 2971 aliaque
703 2917 758 2958 vett.
790 2906 898 2955 bilitaret.
927 2908 965 2955 ste
975 2908 1062 2956 infrac.
1074 2911 1182 2969 2bquia
1192 2914 1310 2973 arriperet

243 2972 316 3021 MSS.
329 2972 381 3020 edd.
397 2988 432 3036 pr.
447 2972 513 3035 Lips.
530 2972 597 3020 Pioh.
608 2975 688 3019 visura
700 2976 764 3019 art.
791 2973 899 3019 oblaterat
911 2976 1136 3020 servarereeealem
1152 2974 1243 3023 Gnost-
1278 2978 1309 3026 In

244 3037 330 3083 menie.
344 3036 407 3084 unde
430 3037 541 3113 Heinsius
558 3035 693 3097 corrigebat,
715 3054 758 3084 ar·
791 3035 1079 3111 aod-Aguestdignam:
1096 3038 1310 3117 quodmeritopla·

242 3100 759 3226 ttstaaltstuttustlt
791 3099 1310 3222 aarum

244 3236 320 3289 caput.
354 3228 481 3277 Insolmtia
490 3228 604 3292 participii
612 3228 673 3287 fauit,
683 3238 710 3276 ut
716 3229 760 3277 du·
791 3233 926 3289 potatorem.
959 3228 1061 3292 Reliqua
1075 3229 1188 3278 Heinsius
1204 3231 1236 3279 sie
1254 3248 1311 3281 eon.

243 3291 322 3339 bitem.
334 3292 459 3341 MSS.tres
471 3308 510 3355 ap.
517 3292 649 3340 Broterium
654 3308 759 3349 marom,
792 3290 916 3339 stituebat:
935 3294 1009 3354 stirpe
1026 3295 1123 3340 aedilem
1139 3296 1183 3357 (sa
1194 3295 1310 3361 Agrippi.

244 3355 339 3419 quodsi
355 3370 402 3403 non
415 3356 527 3419 displicet.
545 3358 620 3405 Ense.
651 3356 706 3420 Bip.
724 3360 760 3404 vi·
792 3354 860 3415 nam)
871 3364 894 3403 et
897 3358 1003 3418 familie
1012 3359 1088 3405 Jaltoe
1105 3358 1255 3421 carcereque
1263 3378 1309 3424 po.
1391 3398 1394 3408 .

243 3435 324 3467 earam
341 3422 407 3468 Brit.
438 3421 567 3467 Provocsnt
582 3420 612 3467 ad
626 3420 679 3468 Seu.
700 3421 760 3470 Euo.
792 3426 865 3466 steros
884 3424 1029 3483 conjungere.
1071 3423 1220 3485 conjungere
1238 3427 1309 3475 etiam

245 3482 353 3531 Controv.
370 3486 393 3542 4,
405 3485 428 3531 6.
444 3486 502 3546 qaid
516 3486 617 3532 alteram
630 3488 760 3531 novercali-
793 3483 951 3531 Freinshemio
966 3485 1078 3546 plaoebat.
1106 3486 1158 3533 Nee
1171 3488 1239 3551 longe
1254 3490 1310 3539 hine

178 3595 180 3599 ,
244 3548 285 3593 brer
300 3548 496 3596 transmeent
523 3548 569 3595 Sed
583 3548 616 3595 ibi
629 3548 759 3613 edldpsii,
792 3545 888 3594 dissedit
896 3548 923 3595 J.
933 3549 1079 3597 Gronovius:
1096 3552 1195 3611 stirpem
1209 3556 1310 3602 nobilem
1394 3565 1397 3570 ·

243 3609 355 3659 amnem
365 3620 407 3660 ete.
419 3620 442 3659 et
452 3612 508 3675 Bip.
519 3614 598 3659 ocatb.
793 3613 865 3658 stiam
880 3613 956 3659 Jaltae
972 3614 1121 3675 Claudiaeqae
1133 3623 1239 3676 posteros
1255 3634 1311 3666 eorr-

174 3677 180 3689 '
275 3676 359 3737 Longu
377 3678 487 3741 dissidio]
512 3676 592 3725 Immo
607 3677 714 3737 discidio,
734 3684 761 3724 ut
786 3678 897 3738 jungere.
929 3676 1034 3739 Ryckius
1048 3678 1163 3741 denique:
1181 3683 1255 3744 stirpe
1267 3698 1311 3731 no·

243 3739 761 3854 aibtbas‘lp'ail·
793 3741 1311 3865 “immitissimum

242 3864 298 3915 MS.
316 3866 377 3931 Reg.
390 3870 482 3933 etAgr.
495 3866 599 3917 discidio.
611 3820 656 3868 eqq
793 3821 942 3931 quidnetiam
962 3868 1057 3918 Mureto
1073 3870 1098 3917 in
1114 3877 1217 3920 mentem
1228 3847 1309 3924 reniti

277 3933 415 3980 &emanata
425 3935 540 4009 nepotem]
559 3933 615 3981 MS.
631 3932 709 3980 (duell.
720 3950 761 3981 ns·
792 3935 890 3994 stirpem
898 3936 1025 3981 nobilemet
1034 3936 1195 3998 quoefamtliae
1204 3938 1315 3989 Claudiae

239 3994 760 4061 poter,quoddefsnderebcetsimilibusapnd
787 4000 1312 4061 posteroreoujangeretsnmatrimonioenm

244 4067 348 4107 nostrum
357 4061 475 4125 exemplis.
492 4061 564 4108 Eas.
791 4061 926 4124 Agrippina
940 4061 1049 4109 ineundo.
1083 4064 1114 4111 In
1131 4063 1166 4110 ed
1179 4063 1271 4113 Puteol.
1289 4078 1314 4117 et

276 4125 311 4171 m
322 4126 427 4187 famiae
444 4124 561 4189 Claudia]
578 4124 693 4187 Erpediri
707 4140 760 4174 sen.
791 4126 1068 4189 indeRir.sstpuuetum
1074 4129 1312 4194 mtemtrpemquod

246 4186 316 4237 tentia
325 4196 399 4251 potest
408 4206 414 4237 ε
431 4197 510 4237 tamen
520 4188 631 4237 mavelim
644 4190 720 4251 scribi,
736 4198 768 4248 et,
791 4188 848 4237 buia
854 4191 991 4251 conjectura
1000 4190 1080 4249 ἰπνοὺς
1097 4191 1153 4239 item
1162 4192 1229 4241 solon
1238 4194 1263 4241 in
1274 4196 1310 4243 ed.

239 4252 534 4315 praesentiantequam
544 4259 649 4315 parterm
664 4258 758 4318 emejus·
791 4270 827 4316 pr.
834 4262 856 4301 et
864 4254 916 4301 aliis
923 4262 977 4302 vett.
989 4254 1061 4302 Ean.
1079 4253 1148 4302 Aeta
1159 4258 1311 4320 Stirpemno·

244 4320 327 4373 gerute
344 4322 371 4363 ut
380 4318 446 4380 quasi
459 4318 573 4381 hortantis
582 4332 611 4365 es·
619 4317 666 4366 sint
675 4318 770 4367 liberti:
792 4320 861 4365 bilem
869 4316 921 4379 ets.
935 4320 1018 4367 Claud.
1025 4324 1132 4378 posteros
1142 4324 1309 4383 conjungeret.-

248 4376 322 4427 ΜΗ.
353 4379 406 4443 Ego
421 4396 474 4429 vero
489 4382 557 4441 illud,
574 4384 675 4443 digeram
687 4396 759 4445 pror.
792 4381 867 4429 deleto
877 4398 936 4443 qaue.
968 4381 1309 4443 SiortirpsnobilieestNero.

245 4456 287 4489 aar
306 4445 464 4507 Imperatorio
477 4446 588 4509 sortiare,
609 4446 699 4495 Neroni
719 4447 759 4495 ds·
793 4442 1136 4509 Podurmmiesragrtppna
1170 4448 1308 4511 Reetessip.
