3042 4950
245 217 283 276 aa
658 213 894 276 summram
1122 217 1307 294 [uuam

298 391 339 456 et,
355 373 560 442 metuebatur.
605 377 673 442 Nec
691 388 762 444 ante
779 379 892 444 omissa
909 377 1076 457 cunctatio,
1090 401 1188 465 quam
1202 379 1304 446 Vitel-

253 465 301 527 'us
315 463 378 528 suis
392 463 511 545 artibus
526 461 560 525 id
573 484 613 559 pe
670 463 817 528 trandum
830 464 970 550 sumpsit.
1014 469 1303 552 Percunctatusque

242 549 408 626 Caesarem,
426 555 447 586 “
461 569 502 610 an
511 546 605 633 jussis
648 548 734 634 opuli
748 571 789 612 au
802 549 978 614 auctoritati
994 552 1126 615 Senatus
1139 551 1303 617 eederet?”

239 633 296 698 ubi
309 633 370 712 ille,
392 639 415 672 “
429 655 528 696 unum
543 656 575 696 se
590 632 714 746 civium,
732 646 762 732 et
773 635 934 698 consensui
948 636 1117 721 inparem,”
1130 636 1299 722 respondit,

240 718 412 805 “opperiri
440 718 523 782 intra
546 717 716 803 palatium'
736 719 848 804 Jubet:
879 720 946 804 ipse
971 721 1088 784 curiam
1114 721 1300 807 ingreditur,

238 825 455 889 summamque
477 806 590 889 Remp.
606 803 657 888 agi
671 804 839 881 obtestans,
860 806 983 869 veniam
1003 804 1126 869 dicendi
1140 821 1211 870 ante
1224 807 1301 871 alios

239 889 389 973 exposcit,
409 889 611 974 orditurque:
641 895 662 926 “
679 887 885 953 Gravissimos
907 891 1060 977 Principis
1076 890 1207 969 labores,
1229 892 1301 978 quis

237 973 344 1036 orbem
367 987 456 1036 terrae
478 986 626 1059 capessat,
649 997 739 1059 egere
760 974 966 1053 adminiculis,
986 989 1023 1039 ut
1040 975 1206 1040 domestica
1224 1000 1300 1040 cura

234 1080 363 1136 vacuus,
378 1059 411 1120 in
422 1081 585 1123 commune
595 1059 744 1122 consulat.
769 1060 862 1136 Quod
872 1083 965 1146 porro
975 1060 1133 1124 honestius
1143 1061 1299 1124 Censoriae

236 1142 347 1206 mentis
361 1142 511 1240 levamen,
526 1166 622 1228 quam
641 1143 803 1207 adsumere
822 1146 999 1242 conjugem,
1013 1146 1167 1231 prosperis
1180 1146 1299 1210 dubiis·

236 1249 300 1312 que
314 1227 445 1301 sociam3
462 1251 512 1292 cur
526 1229 726 1314 cogitationes
734 1229 868 1308 intimas,
881 1252 932 1292 cm
946 1254 1057 1317 parvos
1065 1230 1176 1295 liberos
1185 1231 1298 1307 tradat,

235 1333 299 1375 non
313 1312 404 1376 luxui
418 1324 473 1376 aut
487 1312 701 1400 voluptatibus
715 1314 923 1393 adsuefactus,
939 1317 994 1380 sed
1007 1316 1063 1403 qui
1076 1315 1177 1403 prima
1190 1317 1231 1380 ab
1242 1317 1298 1402 ju·

235 1409 329 1460 venta
341 1397 463 1482 legibus
476 1399 747 1485 obtemperavisset
758 1401 790 1462 ?”

280 1481 340 1545 VI.
365 1486 537 1568 Postquam
551 1485 618 1548 haec
632 1484 794 1548 favorabili
808 1485 947 1549 oratione
961 1486 1120 1572 praemisit,
1137 1487 1299 1572 multaque

236 1568 370 1630 Patrum
382 1568 553 1632 adsentatio
568 1572 772 1656 sequebatur3
789 1585 880 1656 capto
893 1594 1002 1634 rursus
1013 1571 1113 1650 initio,
1129 1579 1151 1611 “
1164 1572 1298 1649 Quando

235 1651 445 1724 maritandum
468 1653 645 1742 Principem
666 1654 967 1737 cuncti-suaderent,
982 1654 1077 1741 deligi
1097 1672 1239 1742 oportere
1252 1657 1299 1719 fe-

234 1736 351 1800 minam
381 1737 551 1817 nobilitate,
579 1740 763 1826 puerperiis,
790 1741 991 1804 sanctimonia
1014 1740 1175 1826 insignem.
1227 1741 1297 1804 Nec

237 1820 293 1884 diu
315 1823 558 1908 anquirendum,
577 1826 655 1910 quin
678 1825 856 1911 Agrippina
872 1824 1056 1889 claritudine
1075 1826 1195 1912 generis
1213 1829 1297 1888 antess

234 1904 312 1970 iret:
336 1906 446 1972 datum
465 1909 506 1972 ab
522 1931 558 1972 ea
572 1909 772 1974 fecunditatis
793 1910 1056 1996 experimentum:
1080 1927 1111 1975 et
1124 1932 1296 1996 congruere

233 2004 315 2055 artes
335 1992 487 2056 honestas.
544 1992 586 2057 Id
609 2017 683 2057 vero
711 1995 882 2080 egregium,
907 1995 1004 2081 quod,
1022 1995 1155 2081 provisu
1176 1996 1294 2073 Deum,

233 2075 330 2140 vidua
341 2077 529 2163 jungeretur
548 2077 698 2164 Principi,
719 2102 775 2143 sua
795 2090 918 2142 tantum
937 2079 1132 2142 matrimonia
1146 2091 1293 2165 experto:

265 2281 362 2330 Civium
372 2286 395 2326 el
405 2279 533 2341 commeat]
545 2279 652 2328 Delenda
658 2281 749 2344 capula,
781 2280 868 2340 midici,
879 2295 950 2342 quam
961 2283 987 2328 la
1000 2296 1097 2340 censura
1110 2281 1173 2328 dicit
1182 2281 1213 2327 ad
1218 2295 1295 2343 pmc-

231 2344 276 2403 vel,
294 2343 357 2406 quod
367 2343 450 2402 verius,
467 2343 572 2392 addenda
583 2360 628 2392 vox
644 2346 748 2408 scriptori
780 2346 831 2391 lum
846 2347 874 2392 de
889 2346 1001 2392 lucardis
1015 2347 1135 2404 arcellam,
1146 2353 1174 2393 ut
1185 2355 1219 2393 est
1232 2347 1296 2408 apud

231 2409 318 2472 elapsa,
331 2408 419 2454 muium
435 2414 458 2456 el
474 2411 501 2456 S.
517 2412 652 2456 consensui:
668 2408 747 2467 idest,
780 2409 879 2456 eundem
892 2412 915 2467 l,
926 2411 949 2457 6.
976 2409 1023 2459 Vel
1033 2411 1061 2456 de
1066 2412 1135 2471 prole
1145 2411 1260 2470 augenda,
1269 2419 1297 2458 ut

230 2472 339 2521 Serratus.
371 2472 409 2521 Ita
420 2474 565 2535 respondebit
576 2471 747 2521 Claudiioratio
780 2474 882 2521 mscribit
900 2475 1032 2533 Suetonius,
1054 2476 1138 2537 quiet
1158 2475 1296 2536 Augustum

231 2536 372 2586 Vitellianae.
403 2536 495 2583 Tamen
509 2538 592 2600 aliquis
602 2538 686 2600 ceperit
696 2539 748 2597 (aut
779 2552 831 2585 eam
841 2538 931 2585 senatui
941 2538 1045 2585 recitasse
1055 2547 1078 2586 et
1093 2538 1180 2600 papula
1196 2553 1237 2600 per
1247 2538 1297 2596 edi7

229 2602 280 2662 jam
291 2600 362 2663 cepit)
374 2600 441 2663 quasi
451 2609 517 2659 esset,
530 2616 604 2649 uuum
615 2603 746 2660 aemulum,
780 2609 932 2649 ctumnotam
942 2601 1105 2649 fecissescribit
1115 2617 1135 2649 c.
1144 2603 1183 2649 89.
1210 2601 1295 2664 Itaque

230 2672 253 2712 el
272 2667 390 2711 cmseaml
407 2666 539 2725 imparem:
560 2664 623 2727 qued
639 2679 681 2727 ego
691 2678 746 2720 ,noa
780 2662 869 2712 Censor
875 2680 947 2713 uxore
953 2666 1043 2727 legibus
1049 2665 1154 2713 ducenda
1161 2666 1296 2727 exemplum

230 2730 334 2792 probem,
346 2742 390 2779 nea
398 2736 457 2777 certe
464 2728 574 2791 Princeps
585 2729 747 2791 unusevulgo
779 2728 871 2777 salubre
881 2729 992 2792 prodebat
1002 2729 1098 2792 papula.
1130 2729 1295 2776 Claudiusau.

231 2792 317 2841 civium
336 2801 390 2839 est:
418 2806 473 2839 non.
500 2792 576 2840 Iure.
615 2792 746 2855 vulgatum
779 2800 884 2839 tamnen
894 2792 1040 2850 modoforte,
1052 2793 1159 2841 sedcette
1167 2794 1261 2851 Censor,
1273 2801 1297 2841 et

230 2856 316 2905 luntre
326 2872 340 2904 a
351 2854 433 2917 Iaipsio
442 2856 656 2919 tentaturaliisque.
690 2857 746 2905 MS.
779 2857 935 2919 postlongnm
941 2856 1238 2919 intemallum,Augirsto‚et
1244 2857 1296 2904 aliis

229 2918 745 2984 aegeaPaternacumprocmeuu,
780 2920 916 2982 Magisterio
934 2936 1027 2969 mamm
1048 2922 1167 2969 contentis.
1199 2922 1294 2969 Sueten.

229 2997 277 3031 nen
293 2983 360 3031 male.
377 2984 451 3031 Ean.
483 2984 591 3047 Intellige
607 2986 708 3033 Senatus
724 2992 747 3035 el
781 2986 819 3031 16.
854 2986 932 3033 Gessit
948 2993 971 3033 el
990 2987 1119 3033 Censorem
1136 2986 1294 3033 intermissam

231 3050 327 3110 Populi.
498 3106 501 3111 .
778 3050 821 3096 dia
834 3056 888 3110 part
900 3051 1014 3097 Paullum
1031 3052 1193 3110 Flaccumque
1208 3050 1294 3096 Cema-

159 3153 161 3157 .
262 3112 571 3175 Summamquefleapuga]
584 3113 670 3172 Scribo,
682 3129 747 3161 eum·
779 3129 823 3160 rer.
856 3114 928 3172 Quod
945 3114 1062 3162 honestius
1082 3114 1187 3162 levamen
1206 3113 1236 3172 ei,
1253 3112 1294 3176 qui

228 3192 337 3239 meaeque
348 3178 617 3237 selambinitanus.
642 3177 681 3225 Sic
691 3178 745 3226 MS.
778 3184 927 3226 nan‘nomen
945 3178 1015 3226 modo
1027 3178 1134 3225 Censoris
1149 3188 1172 3225 et
1182 3177 1293 3237 officium,

230 3240 433 3289 Flor.undecum
448 3241 539 3304 Ryclrio
553 3250 576 3289 et
591 3243 616 3290 J.
630 3241 747 3292 Gronovio
778 3242 818 3289 sad
841 3251 864 3289 et
896 3251 1005 3299 mentem,
1034 3251 1121 3289 castam
1142 3242 1216 3299 illam,
1241 3256 1295 3287 sau-

177 3325 180 3333 ·
228 3305 309 3369 recepi·
337 3304 376 3352 De
386 3305 460 3352 forma
467 3306 577 3368 loquendi
587 3322 679 3353 sumum
687 3308 746 3353 Rea·
777 3314 847 3364 ctam,
859 3305 978 3368 integram,
985 3306 1127 3367 dignamque
1133 3305 1232 3353 (lemare
1240 3305 1294 3351 uni-

224 3370 322 3432 publica
340 3368 408 3415 hodie
424 3378 479 3416 nota
495 3370 581 3427 omnia,
599 3370 638 3417 sed
653 3386 746 3416 summa
778 3378 833 3417 coet
843 3385 936 3417 mamm
946 3368 1047 3428 custode,
1054 3372 1192 3431 prestaret?
1204 3368 1294 3420 Gnou.

229 3434 298 3493 rmp.
310 3432 372 3481 idem
384 3440 424 3479 est.
439 3433 509 3492 ‚vide
519 3449 571 3497 quae
582 3432 631 3479 dixi
641 3434 666 3479 in
675 3434 746 3481 Clave
778 3433 840 3479 Mox
859 3433 936 3480 Guelf.
953 3434 1029 3479 dalila
1045 3434 1094 3480 sine
1110 3432 1199 3496 copula.
1223 3433 1292 3482 Eun.

229 3496 456 3547 cieinmumma.
482 3497 561 3545 Nimis
569 3496 612 3545 viri
626 3495 687 3543 docti
704 3497 745 3544 ad·
810 3498 962 3559 Naulurul]
982 3495 1293 3559 canonicarumque

228 3560 520 3611 amanrntobservatianem
529 3560 557 3609 de
565 3576 656 3607 summa
665 3562 745 3623 Repu·
778 3576 858 3609 vuum
866 3560 1036 3620 videturjnam
1043 3561 1295 3608 sicindativolibenter

229 3627 294 3673 blica.
311 3624 384 3674 Eun.
778 3632 873 3680 veteres,
885 3625 954 3673 etiam
961 3633 1043 3672 noster.
1060 3626 1093 3672 V.
1101 3623 1292 3687 Oudendorp-ed

263 3690 349 3739 Orbem
361 3695 403 3739 ter.
417 3691 531 3754 caperrat]
548 3688 564 3735 i.
576 3704 596 3737 e.
612 3697 683 3737 curet.
699 3690 744 3737 Su·
778 3688 842 3736 Suet.
857 3689 912 3736 MS.
924 3689 1003 3736 Guell.
1016 3697 1039 3737 et
1050 3690 1136 3750 aolupl.
1151 3688 1221 3735 Eun.

227 3754 368 3867 Rrgdlhgfl.
377 3758 530 3868 llilavllgllel
538 3768 605 3800 sacra
613 3762 743 3814 capesseret.
808 3752 1002 3863 rlaqulrenrpidam]
1020 3753 1058 3801 Sic
1068 3752 1134 3802 Pich.
1146 3753 1229 3800 eFlor.
1241 3752 1293 3801 vul-

287 3833 299 3865 θ
355 3834 381 3867 1'8
435 3855 442 3868 .
512 3833 543 3865 ΟΧ
581 3832 606 3865 ῘῸ
624 3832 744 3865 Commune
817 3833 827 3861 l
876 3832 911 3863 1Γὸ
944 3833 991 3863 nm.

229 3882 307 3931 Guell.
318 3887 454 3931 amalorum.
472 3882 545 3930 Eun.
563 3834 580 3880 p
776 3832 807 3879 go
822 3834 897 3929 &aa
906 3879 1060 3943 jungeretur]
1085 3880 1164 3930 Vidua
1178 3880 1290 3943 Agrippi-

262 3948 379 3995 Cmsorloe
389 3944 597 4006 mastrucarum]
616 3946 742 4007 Ceruaria,
775 3960 814 4004 na,
831 3954 931 4003 marma,
953 3948 997 3992 sub
1018 3945 1084 3993 initia
1105 3946 1196 4008 imperii
1218 3944 1291 3992 Glau-

227 4026 274 4059 non
293 4013 422 4060 Caesareae
446 4020 472 4060 ut
489 4010 612 4058 Acidaliae
632 4012 672 4062 (ex
690 4011 742 4060 cad.
775 4008 847 4068 diani,
865 4007 947 4071 Crispa
963 4008 1079 4067 Pessima,
1091 4009 1129 4057 cui
1144 4018 1196 4070 post
1207 4007 1291 4055 Dami-

227 4077 297 4124 Fam.
308 4077 350 4139 qui
360 4077 430 4124 habet
440 4073 552 4135 Caesare)
562 4082 585 4121 et
594 4072 695 4121 Pichena
703 4089 742 4122 va·
774 4072 835 4120 tium
850 4080 966 4135 nupserat.
993 4072 1083 4120 Plinius
1098 4073 1158 4119 libro
1178 4072 1215 4117 16.
1241 4072 1292 4119 Ar.

225 4139 286 4187 lunt·
313 4140 369 4187 Nan
376 4140 503 4191 Censorem
510 4148 557 4185 erat
565 4138 656 4199 exigere
662 4138 742 4184 matri.
776 4138 852 4183 dorem
868 4139 931 4183 mari
941 4138 1053 4183 erlmlam
1069 4143 1135 4184 oetata
1150 4141 1231 4183 nostra
1249 4137 1293 4183 ad-

226 4202 743 4265 er
774 4202 1017 4327 mltum
1032 4201 1185 4313 mili
1199 4202 1292 4312 tna

224 4346 290 4381 erem
306 4331 396 4377 labes?
411 4340 468 4379 teste
485 4330 562 4380 Gellio
572 4330 596 4383 4,
612 4331 651 4377 20.
685 4329 742 4378 Huc
774 4344 830 4377 roae
840 4299 954 4392 privigno
966 4330 1052 4376 clam
1068 4330 1162 4378 Sueten.
1179 4328 1289 4378 Nerone:

226 4394 324 4460 pertinet
338 4395 410 4445 aratia
426 4396 458 4455 Q.
473 4394 559 4445 cecilii
575 4392 669 4445 Metelli
687 4394 742 4461 Nu·
776 4394 862 4445 Verum
878 4396 978 4445 Claudio
996 4395 1123 4457 imperium
1137 4394 1229 4457 adepto,
1244 4406 1291 4442 aaa
