3042 4950
239 250 392 324 emm
531 247 940 324 ¹nmirumnns.
1264 249 1297 304 u

218 391 222 398 .
241 404 336 474 mium
350 409 461 474 trexit:
485 420 517 474 et
529 410 689 495 praebebet
704 409 810 474 Caesar
823 408 1121 507 aures'soeipiendis
1129 408 1313 489 adversum,

242 515 390 590 generum
406 492 630 580 suspicionibus
646 495 773 558 caritate
786 494 860 558 filiae
873 507 1056 580 promptior.
1101 496 1149 556 At
1164 493 1299 568 Silanus,

243 577 423 640 insidiarum
437 579 568 657 nescius,
583 602 619 642 ec
630 579 710 643 forte
724 603 761 643 eo
775 602 856 644 enno
875 582 1006 655 Praetor,
1024 590 1151 662 repente
1167 577 1303 663 peredi-

243 675 329 724 otum
341 661 460 726 Vitellii
479 664 587 728 ordine
598 665 766 728 Senatorio·
776 678 928 741 movetur,
943 683 1134 749 quamquem
1146 661 1303 808 ieeto'pri-

242 745 314 809 dem
337 747 466 824 Senatu,
485 748 646 835 lustroque
665 750 811 813 condito:
835 749 928 814 simul
947 746 1137 812 adfinitatem
1152 745 1230 808 Clau
1255 746 1304 808 ius

241 829 382 904 diremit3
409 831 522 896 adactu
561 857 600 897 ue
624 834 916 920 Silenusejure'rem
958 833 1109 908 stratum,
1124 842 1157 894 et
1165 827 1305 914 reliquus

242 915 396 980 Proeturae
410 917 476 982 dies
490 919 524 980 in
570 919 675 1004 prium
690 919 877 983 Marcellum
892 943 929 983 co
961 932 1033 982 atus
1046 928 1102 980 est.
1157 972 1159 977 .

242 1047 244 1056 '
568 1064 976 1130 numenum

276 1175 315 1236 V.
328 1173 364 1238 C.
375 1172 536 1259 Pompeio,
547 1176 585 1251 Q.
596 1173 754 1238 Verennio
766 1195 848 1236 coss.
860 1186 989 1258 pactum
998 1172 1082 1257 inter
1092 1171 1261 1236 Claudium
1271 1186 1303 1237 et
1337 1207 1342 1218 ·

241 1257 448 1342 Agrippinum
462 1257 693 1322 matrimonium
701 1259 768 1343 jem
778 1259 872 1334 fama,
883 1257 950 1342 jam
962 1279 1066 1319 amore
1075 1257 1191 1319 inlicito
1200 1257 1304 1320 finus

243 1340 354 1404 batur:
389 1364 445 1404 neo
474 1341 551 1406 dum
580 1341 734 1406 celebrare
760 1341 896 1405 solennis
924 1339 1105 1426 nuptiarum
1133 1340 1302 1418 audebant,

242 1423 330 1489 nullo
340 1425 482 1513 exemplo
495 1426 638 1492 deduetae
658 1426 692 1489 in
713 1426 842 1489 domum
856 1426 961 1511 patrui
974 1425 1078 1488 fratris
1091 1425 1173 1489 filiae.
1218 1425 1304 1501 Quin

241 1522 272 1572 et
284 1509 446 1590 incestum,
461 1535 497 1576 ac
515 1512 540 1579 si
555 1521 759 1600 sperneretur,
783 1533 822 1574 ne
835 1511 869 1574 in
887 1509 1004 1574 malum
1018 1509 1178 1596 publicum
1197 1529 1302 1578 erum-

243 1759 298 1791 rum
309 1761 377 1794 suum
388 1749 478 1797 oeeldll.
512 1749 560 1798 Oro
567 1754 664 1810 propter
677 1749 754 1810 quid?
789 1751 843 1796 tien.
869 1745 937 1795 Idem
951 1748 989 1807 14,
1003 1749 1039 1796 16.
1062 1750 1094 1796 Ρ.
1110 1748 1217 1795 Licinius
1230 1744 1304 1795 Cres-

244 1810 352 1856 Sororem
365 1815 436 1859 'suom
449 1814 629 1876 J'esllvlsslmam
651 1815 755 1859 omnium
788 1829 827 1858 sus
846 1814 876 1859 L.
893 1814 976 1859 Julius
997 1814 1075 1860 Corsos
1095 1814 1206 1860 Censores
1224 1813 1303 1856 edire-

238 1873 382 1934 parsurm,
397 1891 467 1936 qnam
484 1881 564 1923 'omnes
586 1879 697 1924 Venerem
716 1891 754 1922 oo·
788 1883 853 1935 runt,
863 1878 1038 1936 mqusrvmum
1046 1876 1302 1924 GroeeumAmlnessm·

243 1945 328 1992 carent,
350 1942 436 1987 malrsit
459 1943 578 1987 Jusroeem
600 1955 695 1986 vocure:
724 1940 756 1988 ita
788 1955 831 2000 que
847 1943 934 1988 emonis
949 1942 1004 1986 oeris
1026 1942 1122 2000 singule
1137 1939 1302 2002 quadrantalia

242 1999 305 2050 enim
315 2003 404 2052 restitui
419 2019 473 2051 eum
487 2003 564 2050 locum
581 2018 660 2066 nuper.
679 2003 755 2051 Irn‘s.
789 2006 904 2050 venderet.
922 2004 1001 2058 ,Suet
1018 2003 1047 2050 de
1062 2003 1134 2051 Rhet.
1164 2005 1203 2048 De
1219 1997 1302 2047 lisdem

243 2063 316 2112 Recte
332 2068 433 2113 omnino.
473 2067 510 2114 Sic
528 2067 613 2114 Seneca
632 2065 717 2113 Medea
733 2083 754 2114 v.
787 2065 906 2127 interjecto
917 2074 1018 2128 tempore
1036 2069 1080 2115 Cn.
1090 2067 1211 2113 Dmnlllm
1227 2066 1302 2111 AEno-

244 2127 284 2174 56.
306 2129 338 2174 od
352 2131 447 2190 Regem
464 2130 586 2188 rhammus,
610 2129 635 2176 id
650 2127 692 2188 est,
707 2130 755 2177 Re·
787 2131 900 2185 barbusel
913 2131 943 2176 L.
954 2132 1065 2176 Licinius
1078 2132 1179 2178 Crassus
1192 2131 1302 2176 Censores

241 2190 406 2254 gisetpuellae
420 2193 496 2256 regie.
532 2192 594 2240 Dein
603 2193 666 2241 idem
681 2209 703 2240 v.
714 2196 753 2242 59.
787 2195 961 2241 itaedmemnt.
995 2193 1033 2241 De
1043 2209 1090 2256 quo
1100 2203 1161 2252 ente,
1172 2195 1229 2239 item
1242 2194 1303 2240 Cen-

242 2256 400 2318 Sceplss‘geris
417 2259 475 2303 eollo
492 2259 629 2315 torrentibus,
649 2255 692 2302 hoc
711 2265 754 2315 est,
786 2259 876 2316 serium
896 2259 998 2305 edietum
1015 2260 1142 2320 subjiciam.
1177 2257 1215 2303 Ne
1231 2271 1302 2318 quem

241 2317 299 2366 Jovi
313 2328 336 2366 et
345 2320 444 2367 lunoni.
477 2320 561 2383 Neque
577 2328 633 2378 erat,
647 2334 755 2383 ourpsn.
786 2321 915 2380 sternetur,
932 2322 973 2385 qui
983 2322 1093 2375 edietum,
1104 2319 1231 2367 tacentibus
1242 2319 1304 2374 aliis,

242 2381 305 2430 deret
313 2383 385 2430 enimi
396 2387 405 2430 l
417 2384 470 2430 πάνυ
483 2383 507 2430 in
518 2392 567 2430 tam
584 2383 704 2430 commode
715 2401 773 2444 em,
787 2385 885 2447 explimt
895 2386 976 2433 album
987 2385 1123 2433 Censorium
1137 2399 1191 2431 eum
1206 2383 1302 2430 Senato-

241 2445 363 2557 pliestione
377 2446 466 2510 reliqui.
498 2447 554 2496 Non
571 2447 654 2495 fedam
671 2455 694 2496 et
708 2464 755 2497 sce-
786 2463 840 2496 rum
854 2448 1204 2513 nominibusquodpostqusm
1214 2447 1303 2509 Augu.

251 2518 323 2557 sstam
334 2511 461 2567 libidinem,
469 2512 509 2558 sed
517 2512 643 2575 simplicem
652 2512 722 2559 nimis
732 2520 756 2561 et
786 2521 836 2561 stus
845 2514 968 2574 publicarit
977 2514 1147 2574 primus,exeo
1156 2513 1257 2558 edietum
1271 2511 1304 2559 sit

240 2573 447 2637 ineeutsm‚eoque
459 2576 568 2637 maligne
577 2575 756 2638 interpretationi
786 2577 936 2640 appellatum.
966 2576 1034 2639 Nihil
1049 2577 1100 2623 aliis
1115 2590 1169 2622 eum
1187 2574 1302 2622 &mseri-

241 2638 367 2685 obnoxism
386 2639 574 2686 eonsuetudinem
595 2646 619 2685 et
636 2654 755 2687 eonversa-
786 2642 847 2696 bus3
870 2641 917 2687 solo
933 2655 986 2687 eum
1001 2640 1080 2687 Silano
1093 2638 1302 2701 negotiuminhoc

241 2700 327 2749 nonu
337 2702 468 2765 arripuitin
479 2701 571 2749 crimem
599 2702 673 2766 Apud
685 2704 755 2751 Sene·
787 2704 860 2751 edicto
871 2704 966 2752 Vitellio
975 2702 1027 2749 fuit.
1048 2704 1138 2751 Grion.
1300 2735 1304 2744 ·

241 2766 394 2814 eaminludo
404 2766 561 2813 scribendum:
577 2768 606 2813 Sl
616 2769 755 2815 mehercules
817 2771 877 2815 Jum
889 2768 973 2830 fama]
996 2767 1150 2830 Distinguunt
1170 2767 1224 2815 libri
1244 2768 1301 2827 mei,

241 2830 756 2893 as'asermpesmetlocsemfletummjtn
787 2833 972 2889 matrimonium,
989 2833 1042 2892 J'am
1054 2834 1132 2894 fimo,
1170 2831 1204 2878 Et
1224 2840 1301 2879 reete:

241 2907 342 2940 mensem
354 2900 400 2942 toto
416 2908 476 2941 aeuo
488 2896 618 2952 celebravit,
630 2910 676 2942 non
687 2898 755 2943 tells.
787 2895 897 2958 quoniam
916 2903 970 2941 anta
985 2895 1040 2942 istos
1057 2895 1168 2942 Gomules
1182 2896 1302 2943 matrimo-

240 2958 351 3004 melun„
367 2960 471 3018 Nedum
482 2959 510 3004 ab
518 2961 588 3017 Jove,
598 2973 673 3019 quem,
682 2975 755 3020 quen·
787 2959 853 3008 nium
875 2967 976 3022 paetum
1016 2960 1091 3021 Supra
1109 2959 1171 3006 enim
1190 2960 1302 3021 seriptum

240 3026 293 3067 lum
309 3022 402 3081 quidem
414 3024 439 3069 m
454 3024 495 3068 illo
502 3023 567 3085 sall,
583 3023 704 3070 damnavit
718 3026 755 3070 ln·
787 3039 807 3071 ο.
816 3024 838 3070 3.
855 3040 906 3084 que
917 3024 956 3069 ull
966 3025 1112 3069 matrimonii
1123 3025 1160 3070 ml
1171 3024 1302 3086 cenassit
1355 3063 1359 3072 ,

242 3086 304 3132 resti.
338 3086 368 3131 L.
386 3088 495 3133 Silenum
511 3088 572 3133 mim
586 3101 700 3146 generum
713 3096 755 3135 ete.
787 3087 1303 3150 StatimstiameFarnes.seripseris,dedurtoe

241 3145 333 3195 Eodem
343 3150 442 3211 pertinet
456 3149 557 3197 ibidem:
571 3148 756 3211 ‘nnumabuepm
787 3154 813 3198 ln
828 3153 922 3199 domum
934 3153 1020 3212 patrui
1028 3152 1120 3213 fratris
1129 3152 1202 3215 fllia
1225 3151 1302 3198 Irrrs.
1365 3173 1367 3177 ’

242 3217 288 3257 lem
300 3212 456 3259 L.Sllnnum
496 3214 594 3271 Videris,
605 3216 713 3273 Jupiter,
725 3229 756 3261 ess
788 3215 998 3263 SieetMS.Flor.
1027 3215 1114 3262 Contra
1123 3214 1303 3275 eddrettjlliu

241 3276 268 3321 ln
278 3289 359 3322 neusse
370 3276 452 3323 neele?
468 3283 527 3323 certe
536 3279 561 3323 in
569 3283 617 3324 lue.
635 3278 757 3339 Videquae
788 3280 895 3327 dedaste.
911 3278 983 3326 Euri.

241 3337 369 3387 ibinotsvi.
387 3340 477 3387 Gnou.
502 3340 540 3387 Sie
548 3339 604 3387 MS.
616 3342 685 3389 etiam
694 3340 756 3389 Flor.
822 3345 887 3400 Qum
904 3350 927 3389 el
945 3345 1070 3407 lnmslum]
1095 3344 1237 3391 Sententiam
1257 3344 1303 3391 loci

241 3402 276 3449 ed.
296 3417 332 3464 pr.
348 3403 461 3467 Idemque
471 3403 544 3451 voluit
560 3405 687 3467 exprimere
702 3406 756 3452 seri-
785 3421 886 3453 censeo:
903 3407 1149 3471 Fruebanturquidem
1160 3408 1322 3454 matrimonii·
1389 3445 1391 3452 .

241 3466 426 3528 ptoreodBud
442 3468 483 3531 qui
497 3466 560 3515 dedit
563 3469 678 3529 fratrem.
711 3469 756 3516 Ce-
786 3470 853 3517 benis
870 3470 982 3518 Claudius
996 3480 1019 3519 et
1036 3472 1184 3535 Agrippinas
1210 3486 1240 3518 sn
1256 3486 1304 3519 non

241 3537 296 3577 terae
307 3530 358 3577 edd.
369 3532 398 3578 ad
407 3532 532 3579 Piehensm
534 3533 675 3595 fratrisque.
692 3535 756 3579 Fre·
786 3534 880 3581 securi?
897 3535 953 3597 quis
961 3544 983 3582 et
990 3535 1103 3583 incertum
1113 3538 1205 3583 subesse
1213 3535 1310 3582 videbe..

241 3600 290 3641 tres
299 3594 345 3641 diei
356 3595 384 3643 de
394 3596 463 3643 fratre
474 3605 496 3643 et
506 3610 589 3654 sorore,
599 3592 705 3658 exemplo
715 3596 756 3644 do-
787 3606 834 3656 tur,
845 3598 949 3645 nondum
960 3598 1055 3646 firmatis
1070 3600 1183 3661 ejusmodi
1199 3600 1286 3660 nuptiis
1295 3615 1303 3655 3

240 3658 425 3707 censineeneri
431 3660 756 3721 thesauroprolate,etnBen-
787 3670 810 3709 et
826 3662 953 3723 perieulum
971 3676 1000 3709 ne
1014 3665 1124 3725 populus,
1141 3666 1171 3711 ab
1187 3664 1303 3725 exemplo,

240 3720 294 3769 tleio
304 3722 667 3779 etBurmanno,loe1srb1utatis.
684 3724 756 3773 Eun.
788 3726 873 3787 passim
889 3734 1017 3787 usurparet,
1034 3728 1127 3789 publiuo
1141 3728 1212 3775 malo.
1227 3727 1303 3774 Inus.

273 3785 434 3851 decipiendis]
459 3786 540 3835 Heius.
562 3789 712 3849 arripiendo,
730 3796 757 3835 ut
788 3791 868 3837 Gerrae
885 3790 969 3838 Siculae
982 3792 1044 3837 mele
1052 3796 1177 3850 πολιτικοῦ,
1195 3806 1248 3854 quie
1264 3790 1303 3838 hie

241 3848 278 3903 15,
289 3852 339 3911 54.Δ
356 3850 389 3898 V.
400 3851 549 3898 elmere-6.
787 3854 944 3902 Boxhornius.
965 3854 1122 3901 Freinshemio
1134 3854 1221 3903 Catone
1232 3856 1304 3901 sinum

272 3914 323 3960 Per
333 3916 435 3961 edietum
451 3915 552 3979 Vitellii]
570 3915 635 3961 Nem
647 3914 757 3966 Censores
788 3918 895 3965 uertenti
924 3918 1036 3965 Claudius
1043 3918 1107 3965 baud
1117 3926 1166 3965 erut
1176 3918 1256 3965 intacti
1265 3934 1304 3974 su-

240 3976 670 4041 edietsproponebent.11ivius43,lll.
687 3981 757 4026 Mul·
787 3982 919 4044 perstitiose
938 3983 1016 4029 snirni.
1056 3981 1143 4040 Immo,
1162 3997 1209 4046 quo
1227 3990 1305 4029 mente

241 4043 271 4087 tls
289 4052 357 4102 equos
376 4044 529 4089 assererem.-
555 4045 581 4088 ln
595 4058 622 4089 m
639 4058 665 4089 re
684 4060 756 4105 quum
788 4046 1304 4109 eommotioneopnulloinfinniorunusmul·

241 4106 379 4164 Eqmstmm
397 4108 502 4153 ordinem
518 4108 672 4166 effudissent,
682 4112 755 4168 stom·
788 4118 874 4163 torum,
889 4125 916 4156 eo
932 4110 1114 4173 superstitiosior.
1147 4110 1268 4171 Donetque
1279 4109 1306 4156 id
1398 4113 1403 4123 ’

241 4182 303 4215 mom
314 4171 411 4218 invidie
421 4172 523 4232 αιῇοοονο
531 4172 613 4230 edicto,
626 4185 670 4232 quo
678 4172 754 4218 edire.
788 4174 858 4221 etism
869 4174 932 4221 Suet.
942 4174 967 4221 in
976 4174 1023 4221 vita
1033 4176 1083 4234 ejus
1093 4175 1132 4220 22.
1158 4172 1254 4235 Semper
1262 4179 1304 4220 aut

242 4238 304 4284 rael.
324 4248 353 4279 sse
370 4238 423 4295 quis
440 4248 521 4283 eorem
537 4243 580 4281 ete.
612 4234 704 4282 Plinius
716 4237 755 4295 13,
789 4247 836 4285 tem
843 4237 1075 4301 ineestainprodigiis
1082 4236 1306 4299 hebiminexpinn-

205 4335 208 4343 ,
242 4296 266 4340 ὃ.
292 4298 362 4343 Urbis
376 4312 399 4343 a.
417 4298 473 4344 565.
492 4300 524 4346 Ρ.
545 4300 669 4345 Llelnlum
685 4301 756 4347 Cras·
788 4301 824 4349 dis
839 4309 863 4348 et
879 4301 1035 4363 procurandis,
1051 4300 1077 4347 in
1092 4299 1130 4356 iis,
1145 4299 1230 4363 quibus
1245 4301 1305 4347 iram

240 4373 294 4405 sum
305 4360 571 4410 numeraveram
586 4360 697 4411 Censores
708 4365 757 4409 edl-
787 4366 1017 4427 Deorumputabant
1027 4364 1165 4411 denuntiari.
1201 4364 1306 4425 Reliqua-

240 4424 309 4484 sisse,
326 4438 355 4473 ss
374 4426 426 4487 quis
443 4426 550 4475 venderet
565 4432 688 4488 numento
704 4441 758 4474 eso·
788 4427 1039 4491 petesFreinshenio.
1055 4429 1148 4477 Gnosi.
1180 4427 1284 4475 cleti.
