3042 4950
227 241 286 299 290
630 231 858 295 lunanum
943 275 950 287 .
1124 225 1294 305 [naara.

235 400 352 486 quique
371 397 440 473 sibi,
455 395 572 481 quique
586 394 652 458 aliis
666 394 877 471 consulebant,
892 393 968 457 dum
988 391 1117 457 trahunt
1134 386 1298 463 invalidos,

235 502 291 549 aut
315 482 528 570 opperiuntur,
547 503 618 565 para
637 502 770 556 morans,
785 503 857 567 pars
871 478 1029 554 festinans,
1050 486 1162 537 cuncta
1179 471 1300 559 inpedi-

238 571 347 633 ebent:
363 584 394 631 et
406 588 498 652 saepe,
511 564 587 629 dum
598 563 631 627 in
645 579 768 649 tergum
779 578 963 650 respectant,
971 561 1119 626 lateribus
1128 570 1183 621 aut
1197 558 1299 621 fronte

237 651 574 717 circumveniebantur:
597 648 657 725 vel,
675 648 699 711 si
714 648 746 711 in
761 649 904 733 proxima
916 659 1086 722 evaserant,
1101 642 1160 707 illis
1173 664 1301 728 quoque

237 737 303 825 igni
317 735 480 833 conreptiS,
499 734 615 811 etiam,·
626 756 697 817 quae
718 732 890 819 longinqua
911 731 1116 805 crediderant,
1134 728 1168 789 in
1191 727 1301 791 eodem

238 846 312 895 casu
326 821 565 919 reperrebantur.
611 821 782 894 Postremo,
804 817 882 903 quid
898 817 1042 892 vitarent,
1064 812 1141 898 quid
1157 824 1300 909 peterent

242 908 390 994 ambigui,
405 904 558 991 complere
569 902 645 980 vias,
659 903 753 965 sterni
768 925 823 989 per
836 924 946 988 egros:
966 900 1093 999 quidam
1106 896 1222 961 amrssis
1235 919 1304 960 om·

242 993 344 1057 nibus¹
357 990 501 1067 fortunis,
524 987 629 1051 diurni
654 1009 781 1072 quoque
802 989 914 1064 victua,
938 986 990 1049 al'u
1011 984 1137 1049 caritate
1162 1004 1301 1059 suorum,

242 1100 321 1164 quos
341 1076 459 1161 eripere
479 1096 516 1137 ne
540 1072 690 1149 uiverant,
707 1071 850 1157 quamvis
868 1082 993 1157 patente
1006 1069 1133 1155 effugio,
1152 1066 1303 1130 interiere.

244 1164 313 1228 Nec
333 1158 498 1245 quisquam
517 1097 684 1221 defendere
702 1156 848 1236 audebat,
870 1156 984 1219 crebris
1009 1154 1184 1218 multorum.
1201 1152 1303 1227 minis,

244 1246 433 1330 restinguere
447 1241 688 1331 prohibentium,
708 1257 739 1305 et
756 1241 832 1339 quia
845 1241 898 1305 alii
919 1240 1020 1327 palam
1038 1240 1120 1303 faces
1133 1236 1304 1324 jaciebant,

244 1346 339 1416 atque
360 1353 424 1393 esse
446 1328 504 1393 sibi
525 1338 681 1391 auctorem
704 1327 969 1391 vocrferabautur:
993 1325 1056 1389 sive
1076 1338 1112 1388 ut
1133 1336 1241 1407 raptus
1266 1321 1305 1384 li-

246 1416 364 1483 centius
378 1426 561 1485 exercerent,
576 1436 630 1475 seu
640 1412 740 1497 jussu.

289 1499 470 1565 XXXIX.
494 1498 545 1561 Eo
558 1497 589 1561 in
605 1510 742 1583 tempore
757 1496 856 1574 Nero,
874 1495 959 1560 Antii
981 1514 1086 1581 agens,
1101 1516 1162 1557 non
1181 1507 1252 1557 ante
1264 1491 1309 1553 in

247 1587 355 1650 urbem
379 1606 536 1671 regressui
564 1595 621 1659 est,
647 1604 742 1667 quam
770 1580 878 1645 domui
903 1582 980 1667 ejus,
1005 1602 1070 1665 qua
1096 1578 1245 1665 palatium
1273 1590 1309 1638 et

193 1679 197 1689 '
250 1668 431 1741 Maecenatis
451 1668 556 1733 hortos
569 1667 811 1743 continuaverat,
826 1666 906 1752 ignis
919 1667 1151 1754 propinquaret.
1195 1664 1311 1745 Neque

248 1769 350 1819 tomen
362 1753 427 1817 sisti
439 1752 553 1840 potuit,
564 1752 640 1837 quin
654 1766 686 1815 et
697 1751 848 1836 palatium
859 1767 889 1815 et
898 1752 1009 1815 domus
1023 1763 1054 1812 et
1068 1761 1179 1827 cuncta
1192 1748 1312 1810 circum

235 1838 454 1903 ·haurirentur.
514 1837 576 1901 Sed
605 1836 748 1901 solatium
776 1836 894 1922 populo
922 1835 1086 1900 exturbato
1115 1844 1146 1897 et
1173 1831 1313 1919 profugo

250 1946 394 2010 eampum
413 1922 527 1987 Martis
548 1946 584 1986 ac
598 1935 800 1985 monumenta
816 1921 991 2007 Agrippoe3
1014 1920 1121 1982 hortos
1139 1918 1312 2002 quinetiam

249 2032 321 2073 suos
345 2007 508 2095 patefecit:
535 2018 567 2071 et
586 2006 734 2070 subitaria
764 2005 893 2069 aedificia
921 2004 1085 2080 exstruxit,
1108 2024 1180 2088 quae
1207 1999 1314 2063 multi-

252 2190 303 2227 tum
320 2178 418 2241 intelligi
437 2176 498 2225 volit.
532 2178 610 2225 Immo
629 2191 694 2225 tenes
712 2178 767 2223 uni·
797 2175 1206 2239 etiileguutdierniieopeeoictue.
1225 2171 1311 2219 Hiller.

254 2244 313 2291 versi
323 2253 346 2291 et
360 2252 414 2291 aeras
430 2251 506 2289 tenera
517 2249 599 2291 cuneta
614 2240 766 2302 impedimen·
796 2240 814 2287 l.
833 2255 853 2287 c.
874 2249 949 2287 nervat
970 2240 1033 2302 vulg.
1051 2241 1149 2286 fortunae
1170 2236 1219 2283 scil.
1237 2238 1313 2285 facul-

254 2315 278 2355 to
288 2316 360 2355 erant.
387 2306 495 2354 Pichenae
503 2306 607 2368 placebat
611 2306 677 2367 ferro
688 2307 765 2362 arente,
798 2312 855 2351 tates
875 2312 930 2351 suut
950 2306 1026 2351 omnia
1046 2300 1143 2366 generis,
1165 2299 1268 2365 adeoque
1289 2309 1315 2347 et

256 2378 297 2417 out
315 2387 336 2417 r.
352 2386 416 2433 μω.
444 2370 528 2417 Lector
543 2368 619 2431 eligat.
647 2368 702 2415 Post
724 2384 767 2431 pro
798 2367 879 2415 victua.

254 2450 310 2498 pore
331 2448 424 2482 moram
446 2434 470 2482 in
492 2432 565 2482 MSS.
587 2430 650 2480 Flor.
668 2440 691 2480 et
707 2432 766 2494 Reg.
832 2432 1010 2496 Nequiverunt]
1028 2430 1232 2494 autequam.

255 2515 312 2560 porr
328 2514 411 2555 mora,
428 2496 490 2562 quod
505 2512 551 2545 nou
567 2495 680 2560 displicet.
696 2497 767 2544 Ena.
839 2495 1039 2557 Vorr'ferebontur]
1074 2498 1119 2546 Ed.
1141 2513 1176 2560 pr.
1199 2497 1312 2559 vocifera·

257 2563 355 2626 Optima
365 2562 423 2610 mihi
437 2561 486 2610 vica
495 2561 563 2609 lectio
574 2560 624 2609 ood.
633 2561 693 2623 Agr.
718 2561 770 2608 Nec
801 2561 872 2607 teet:
889 2568 912 2607 et
923 2558 955 2608 aie
965 2560 1062 2608 conexit
1072 2577 1156 2610 manua
1167 2577 1211 2610 etr.
1221 2561 1246 2608 in
1257 2561 1315 2636 Μξ.
1338 2577 1346 2586 ·

255 2629 338 2684 obstet,
356 2625 418 2690 quod
433 2626 453 2674 ie
468 2624 541 2674 codex'
556 2625 641 2686 passim
657 2625 686 2672 sit
700 2623 771 2672 inter·
801 2623 880 2670 Guelf.
894 2638 948 2683 cum
967 2632 1020 2672 ante
1033 2624 1112 2674 tuimet
1127 2627 1269 2688 vulgoth
1283 2641 1317 2672 ar-

255 2691 361 2754 palatum
387 2704 434 2736 non
458 2704 508 2739 raro
529 2688 592 2736 enim
612 2687 681 2751 plane
701 2687 772 2735 habet
801 2687 886 2734 militer
896 2702 933 2749 ap.
944 2687 1097 2737 vamlea.
1113 2691 1174 2748 3‚9.
1187 2690 1316 2751 confirm

256 2755 353 2818 egregia.
397 2749 501 2802 Freirnb
519 2752 609 2800 volebat
626 2753 693 2814 fissa
715 2759 771 2798 oetas
802 2766 887 2813 magno
903 2765 1012 2798 consensu
1023 2752 1150 2801 librorum:
1167 2755 1208 2802 aed
1222 2753 1318 2815 aaepein

257 2825 299 2865 aot
315 2819 383 2864 rudis
393 2817 505 2878 puertia.
539 2815 593 2878 Bip.
646 2807 706 2862 *cem
724 2815 771 2862 Ur·
801 2813 846 2862 hae
867 2829 920 2862 vooe
940 2815 1038 2862 fonnem
1059 2818 1158 2866 activam
1174 2818 1261 2866 librarii
1276 2817 1318 2866 (le-

258 2882 303 2942 cini
319 2889 453 2944 sequuntur.
485 2879 569 2928 Hiller.
586 2879 623 2926 Re
661 2880 703 2926 20.-
717 2877 774 2944 legit
803 2877 863 2927 dere.
897 2877 1060 2928 V.Drekeab.
1080 2881 1110 2929 ad
1126 2881 1179 2930 lrtv.
1196 2886 1221 2938 7.
1242 2888 1276 2929 lt.
1292 2885 1319 2942 8,

251 2947 324 3008 ferree
334 2946 468 2992 anteibant
482 2945 549 2990 rudis
559 2944 671 3004 pueritie
688 2941 776 3006 (deleto
803 2946 842 2990 38.
875 2942 938 2990 Mox
951 2943 1006 2990 lllS.
1018 2944 1097 2992 (tuat
1114 2946 1151 2994 ed.
1167 2962 1201 3010 pr.
1211 2951 1318 3010 jacerem,

259 3017 333 3067 etat).
354 3008 417 3057 Bud.
426 3007 546 3070 vulgatum
557 3015 632 3053 servat
638 3007 704 3068 serre
714 3013 774 3054 etate
804 3005 867 3070 quod
879 3021 925 3053 non
937 3008 1091 3070 spernendum
1101 3010 1196 3057 videtur.
1230 3011 1321 3059 Melius

260 3081 302 3136 eut
313 3074 380 3120 redte
391 3073 497 3134 pueritie
510 3077 557 3117 etas
565 3087 574 3128 ,·
591 3065 636 3119 nisi
654 3069 716 3133 quod
732 3085 775 3132 pro
805 3078 883 3117 tamen
899 3070 989 3118 videtur
1000 3074 1073 3134 ἰωή,
1090 3081 1117 3121 ut
1134 3073 1236 3122 Huetiua
1250 3075 1320 3122 ooni-

246 3140 321 3201 'serra
338 3137 408 3184 habet
420 3137 491 3200 sera,
507 3141 534 3181 ut
555 3149 615 3196 sepe
629 3133 673 3180 bac
688 3133 776 3197 duplici
804 3135 881 3196 gebat.
913 3132 984 3181 Ean.
1015 3158 1018 3164 ,

261 3201 341 3249 utitur.
375 3199 441 3247 Idem
452 3213 507 3246 mox
514 3213 574 3259 pore
584 3213 683 3245 morene.
839 3200 913 3245 uota
924 3202 1038 3264 tempore]
1073 3201 1169 3249 Grotius
1184 3202 1319 3265 corrigebat,

285 3269 326 3315 ,ἶφι
344 3263 422 3312 eodem
444 3276 498 3309 caeo
509 3261 695 3326 reperiebantur]
723 3259 777 3308 Aut
807 3262 846 3308 Eo
870 3263 933 3308 enlm
954 3269 1065 3324 tempore,
1092 3267 1160 3328 quod
1181 3266 1248 3312 valde
1267 3267 1322 3329 pu-

261 3327 385 3378 debndum
397 3327 555 3386 eetelettum,
570 3333 597 3372 ut
607 3323 645 3382 eit,
656 3327 704 3373 tuis
721 3339 777 3386 quo·
807 3334 842 3373 eet
858 3324 970 3374 Brorerio.
997 3327 1070 3376 Ean.
1104 3329 1150 3377 Sed
1161 3346 1184 3377 v.
1199 3329 1260 3377 idem
1281 3337 1320 3392 13,

262 3407 305 3454 que
315 3393 368 3454 igni
386 3391 506 3452 correpttr,
524 3405 574 3450 qooe
584 3390 711 3450 longinqua
727 3404 778 3436 cre·
807 3391 847 3437 47.

263 3458 372 3503 eliderent
378 3473 388 3510 ‚·
405 3462 446 3502 aut
456 3453 610 3511 scribendum,
623 3455 777 3514 reperiebant,
855 3454 994 3501 Moeeeuotie
1023 3456 1101 3504 hortor
1133 3460 1322 3523 continuaverat]

263 3519 308 3566 hoc
327 3532 410 3566 eenrur
429 3517 464 3566 illi
485 3517 537 3579 ipsi,
557 3517 598 3580 qui
614 3525 732 3564 evaserant
752 3516 777 3562 in
809 3516 879 3564 Horti
900 3516 1062 3568 Meoenatiaui
1080 3522 1105 3567 in
1127 3520 1245 3584 Esquiliis·
1278 3524 1324 3571 Bis

264 3581 378 3646 proxima,
393 3597 446 3643 qua
463 3589 513 3628 tute
527 3582 648 3644 putebant,
661 3580 702 3628 ubi
715 3579 778 3628 vide-
809 3589 887 3628 autem
901 3596 916 3627 a
928 3581 1022 3630 Nerone
1036 3584 1146 3632 aedifioeta
1161 3585 1253 3643 domuc,
1267 3601 1324 3648 pro·

264 3654 328 3704 runt,
339 3660 364 3694 ee
373 3644 458 3692 frustra
467 3643 777 3706 gavieoeetinetareignem.
809 3644 925 3707 ductoque
938 3645 968 3692 ad
982 3646 1100 3709 quuiliae
1115 3649 1181 3711 ipme
1206 3651 1326 3700 Suetal.

262 3717 415 3774 propemnmt
426 3707 522 3756 ulterius
536 3707 567 3754 ad
581 3723 633 3770 quae
644 3721 690 3754 uon
706 3723 780 3755 acrea-
810 3709 916 3754 Domum
929 3724 944 3755 a
955 3711 1052 3758 Palatio
1065 3715 1186 3774 Eeqeitiee
1198 3728 1270 3773 aeque
1281 3718 1327 3778 se.

264 3789 344 3822 surum
355 3771 484 3836 periodum
495 3782 554 3818 certe
563 3785 697 3833 persuasum
708 3769 779 3818 habe-
811 3773 844 3818 cit
850 3789 859 3828 ,·
881 3788 952 3831 quem
965 3777 1048 3835 μήπω
1065 3779 1235 3837 transitoriam,
1258 3794 1325 3838 m,
1356 3791 1361 3801 ·

264 3840 337 3901 bant:
355 3836 396 3885 eed
411 3833 452 3882 ille
462 3848 553 3899 quoque
563 3842 665 3896 oorrepte
677 3833 781 3882 flammis
810 3837 914 3883 incendio
926 3839 1072 3899 absumptam
1082 3843 1267 3902 restituamque,
1282 3858 1328 3892 aa·

264 3901 413 3965 reperiebant
447 3899 538 3947 Giton.
644 3947 647 3954 ,
811 3914 876 3946 ream
891 3903 1029 3949 nominavit.
1061 3903 1166 3952 Priorem
1184 3921 1238 3968 ergo
1261 3920 1327 3956 nunc

298 3965 414 4012 Fortoeir
426 3964 508 4010 diurni
522 3974 610 4022 quoque
624 3962 711 4024 vimus]
730 3960 780 4009 Vix
810 3963 919 4026 intellige
938 3963 1011 4013 Lr-ra.

265 4025 504 4086 credam,eiedediese
514 4023 630 4072 Tacitum.
663 4023 779 4081 Quienim
844 4029 1139 4096 MonumentoAgvtppae]
1171 4032 1328 4096 Qua-pluria

265 4089 779 4154 modusloquendi‚fortunoedturniobrue?
811 4089 836 4136 in
857 4106 884 4138 eo
904 4107 994 4154 eampo.
1027 4094 1088 4141 Vide
1109 4095 1211 4143 Dionem
1227 4101 1266 4152 54,
1284 4103 1326 4147 28.

265 4157 306 4204 An
318 4155 363 4204 fuit
374 4155 455 4202 diurni
470 4154 549 4214 inopia
565 4154 648 4210 victur,
665 4160 706 4199 aut
718 4153 780 4200 exci-
812 4154 887 4202 era.
919 4154 1006 4215 Qualia
1024 4157 1127 4218 mame,
1141 4160 1266 4222 pantheon.
1295 4163 1328 4211 Iu

266 4219 301 4265 dit
318 4221 421 4274 verbum,
441 4216 502 4264 unde
523 4214 637 4278 genitivus
655 4215 780 4278 penderet?
811 4217 861 4266 loco
876 4218 960 4268 Dionis
972 4235 1019 4268 nou
1031 4221 1076 4270 uiri
1088 4225 1233 4272 mouumenti
1248 4227 1327 4288 repul·

266 4291 306 4328 aut
317 4283 402 4329 diurno
413 4298 434 4343 q.
447 4283 519 4338 victu,
535 4289 561 4326 ut
571 4279 645 4342 placet
655 4279 779 4326 Broterio?
812 4281 878 4336 oralia
888 4283 1002 4347 Agrippae
1015 4284 1043 4331 lit
1058 4287 1154 4347 mentio,
1167 4290 1229 4351 quod
1245 4289 1328 4338 itidem

265 4343 338 4405 Eun.
373 4345 427 4408 Bip.
445 4353 533 4407 arrepta
555 4342 684 4410 conjecture
703 4343 777 4391 Erue-
810 4346 926 4410 incampo
937 4348 1032 4395 Martio
1209 4350 1214 4357 ⁸
