3042 4950
242 273 276 318 a.
290 273 317 316 c.
336 261 399 335 sa]
615 262 693 320 nra.
714 261 785 321 xn.
806 261 898 322 car.
922 267 969 327 17.
1270 265 1308 335 ,τι

240 421 353 508 pidum
375 423 571 501 Dadmcae,
597 425 684 510 quos
709 421 866 489 teanum
885 447 905 488 a
925 423 1120 503 Mithridate,
1141 426 1182 490 os
1203 417 1333 491 amas-s

240 531 328 656 {lxiii
334 507 534 604 popularium
549 508 667 573 animos
681 508 825 587 obtineri,
844 508 951 572 relicto
965 510 1009 574 ibi
1022 510 1176 596 praesidio,
1189 512 1302 577 visum,

341 615 374 655 1n
390 591 509 656 Siracos
523 615 580 679 per
604 607 671 673 unt,
686 608 718 659 et
737 593 919 681 transgressi
937 617 1061 660 amnem
1075 595 1229 674 Pandam,
1243 597 1304 661 eir·

240 676 442 742 cumveniuut
455 678 567 742 urbem
579 617 701 766 ilspen,
716 679 833 744 editam
853 679 932 759 loco,
946 694 978 743 et
994 679 1152 744 moenibus
1164 704 1200 744 ac
1213 681 1304 747 fossis

239 761 411 838 munitam3
435 762 494 826 nisi
508 764 595 850 quod
606 766 733 844 moenia,
748 787 812 829 non
825 788 911 842 saxo,
926 765 980 829 sed
994 764 1130 829 cratibus
1142 777 1175 828 et
1184 765 1304 830 vimen·

239 845 291 923 tis,
311 870 348 912 ae
372 847 475 912 media
499 849 606 928 humo,
624 849 792 914 adversum
807 850 910 914 iurum
952 864 1020 916 ntes
1040 849 1177 914 invalida
1195 865 1307 916 erant:-

239 931 428 1020 eductaeque
441 931 534 999 altius
547 948 658 1015 turres,
673 935 793 1000 facibus
803 949 898 1020 atque
930 936 1004 1000 aslis
1017 936 1187 1000 turbabant
1199 936 1303 1000 obses·

239 1039 305 1082 sos:
330 1041 377 1098 ae,
391 1019 425 1082 ni
438 1018 585 1105 proelium
604 1043 668 1084 nox
689 1019 872 1099 diremisset,
887 1033 989 1108 ooepta
1001 1032 1186 1108 patrataque
1205 1044 1308 1108 expo·-

240 1103 348 1188 guatio
362 1105 495 1169 eundem
508 1104 591 1169 intra
604 1105 687 1170 diem
701 1105 792 1169 foret.
1152 1138 1155 1143 ·

285 1188 404 1254 XVII.
419 1191 548 1253 Postero
562 1189 671 1254 misere
680 1190 810 1276 legatos,
827 1190 977 1252 “veniam
988 1189 1093 1254 liberis
1197 1191 1302 1256 ribus''

238 1283 382 1338 orantes:
407 1273 553 1338 “servitii
567 1274 674 1339 decem
688 1274 803 1338 millia”
816 1274 1006 1338 offerebant:
1029 1277 1116 1360 quod
1166 1277 1302 1361 sperasti

199 1379 202 1384 ·
240 1372 314 1423 sunt
327 1357 468 1442 victores,
484 1359 559 1444 quia
579 1360 734 1436 trucidare
748 1359 870 1424 deditos
883 1380 1013 1436 saevum,
1028 1373 1144 1423 tantam
1159 1361 1308 1425 multitu-1

239 1443 344 1508 dinem
353 1443 494 1507 custodia
502 1445 625 1530 cingere
639 1445 787 1509 arduum:
798 1444 872 1510 belli
882 1445 987 1532 potius
995 1446 1068 1530 jure
1076 1445 1235 1510 caderent:
1247 1446 1302 1510 da-

239 1541 372 1614 tumque
386 1528 547 1607 militibus,
558 1530 614 1616 qui
634 1530 722 1596 scalis
735 1545 906 1608 evaserant,
922 1531 1047 1616 signam
1060 1529 1162 1595 eaedm.
1207 1531 1304 1596 Exci·

241 1613 294 1678 dio
307 1613 499 1700 Uspensium
515 1629 617 1679 metus
634 1616 741 1680 ceteris
754 1615 897 1702 injectus
912 1614 990 1678 nihil
1004 1626 1109 1679 tutum
1129 1615 1215 1694 ratis,
1229 1639 1306 1682 cum·

240 1721 337 1778 mma,
352 1699 555 1778 munimenta,
574 1700 716 1787 impediti
734 1701 785 1764 vel
803 1701 971 1765 eminentes
993 1700 1064 1779 loci,
1081 1723 1250 1786 amnesque
1270 1713 1308 1766 et·

239 1785 333 1848 urbes
343 1786 438 1884 juxta
451 1799 736 1872 perrumperentur.
781 1786 887 1873 Igitur
897 1785 1053 1863 Zorsines,
1068 1785 1125 1849 diu
1137 1785 1301 1872 pensitato,

239 1869 476 1950 Mithrrdatisue
503 1871 597 1936 rebus
619 1869 775 1948 extremis,
799 1894 840 1934 an
860 1869 962 1957 patrio
983 1893 1081 1956 regno
1108 1871 1280 1936 consuleret
1290 1897 1306 1946 ;.

239 1967 407 2040 postquam
432 1955 599 2040 praevaluit
621 1952 745 2042 gentilis
768 1955 897 2035 utilitas,
921 1955 1002 2020 datis
1023 1956 1194 2034 obsidibus,
1216 1957 1303 2043 apud

236 2039 372 2124 effigiem
388 2039 519 2105 Ceteris
537 2042 717 2126 procubuit,
739 2063 856 2126 magua
872 2040 971 2125 gloria
985 2041 1137 2104 exereitus
1154 2041 1303 2119 Romani,

262 2147 335 2186 uem
347 2123 545 2188 incruentum
558 2139 591 2188 et
605 2126 764 2202 victorem,
774 2125 872 2188 tridui
886 2125 994 2188 itinere
1008 2125 1143 2189 abfuisse
1156 2126 1197 2189 ab
1210 2149 1304 2189 amne

237 2147 341 2274 i'anai
362 2208 507 2273 constitit.
553 2210 616 2273 Sed
635 2209 665 2273 in
690 2231 831 2308 regressu
852 2209 957 2296 dispar
978 2210 1107 2273 fortuna
1122 2210 1204 2284 fuit;
1227 2211 1304 2297 quia

238 2293 366 2358 navium
380 2293 543 2381 quasdam,
565 2318 637 2380 quae
656 2316 734 2360 mar1
754 2295 945 2372 remeabant,
963 2293 996 2358 in
1015 2293 1107 2360 litora
1120 2295 1302 2359 Taurorum

238 2538 358 2587 Romanos
377 2535 403 2582 in
419 2536 490 2583 umis
507 2535 578 2583 isiae
598 2536 754 2593 censendum,
788 2538 859 2585 tenos
873 2536 944 2585 edidit
954 2537 1058 2584 ouum
1067 2538 1190 2598 maneth,
1201 2553 1303 2602 pareon-

237 2601 278 2650 scd
298 2614 353 2649 ciam
377 2598 448 2647 Aorsi
470 2599 495 2647 in
515 2599 590 2648 fronte
611 2600 711 2663 agminis
732 2608 756 2649 et
773 2602 911 2661 ,joeoaamx
928 2600 1169 2663 vimentisimprobat,
1181 2602 1236 2666 quia
1246 2618 1304 2651 ims-

238 2675 302 2729 tsrgo
319 2670 400 2724 esunt,
417 2663 442 2711 iu
458 2662 535 2711 medio
550 2664 689 2725 Bosporani,
705 2665 755 2711 Ro-
785 2664 849 2727 piam
865 2664 996 2713 idverbum
1011 2664 1075 2728 apud
1085 2664 1183 2713 Latinos
1197 2668 1304 2715 ooeurria

240 2744 322 2777 manes
335 2729 408 2777 latera
423 2734 509 2775 tutatos
525 2742 579 2776 essa
607 2728 662 2775 Nisi
677 2737 754 2775 amen
785 2730 872 2776 Media
881 2730 953 2775 humo
963 2727 1087 2776 illustrabit
1098 2729 1177 2777 Cesar
1187 2730 1218 2778 Β.
1230 2731 1261 2779 (l.
1276 2734 1301 2790 7,

239 2793 373 2856 legendum,
392 2794 478 2839 morie
494 2793 577 2851 armis,
593 2801 621 2839 ut
635 2791 757 2839 dicatBo·
787 2794 827 2839 23.
845 2793 919 2840 Ean.
951 2792 991 2841 De
1008 2792 1057 2840 aad
1078 2793 1141 2841 Bud.
1161 2794 1195 2841 sic
1212 2794 1304 2844 habeto.

238 2872 355 2920 morenos,
364 2856 472 2903 Rouana
483 2856 530 2903 ritu
542 2856 666 2904 instructos
680 2871 756 2903 anna-
787 2857 855 2904 Clare
865 2856 968 2919 adparet,
980 2856 1091 2919 scriptum
1105 2857 1176 2905 uisse
1242 2875 1304 2907 erro-

240 2929 335 2985 tosquez
352 2920 416 2983 quod
434 2920 503 2968 malo.
525 2919 601 2967 Iura.
638 2920 755 2968 Posterius
786 2920 1186 2978 rernbisaeoimmtir,deinsee1m
1252 2938 1303 2971 ma·

240 3000 321 3033 verum
331 2993 396 3048 puto.
429 2984 491 3031 Mox
506 2986 592 3032 Sozam
605 2983 655 3031 aad.
669 2984 706 3031 FL
719 2984 754 3031 sa
785 2985 1140 3047 numexpriorifeeisseoiattta
1152 2984 1304 3035 HiueRheu.

240 3064 275 3112 pr.
303 3047 429 3097 Sedeeteri
443 3050 510 3096 Soza.
528 3048 589 3095 Item
603 3049 754 3107 Dandaricae,
785 3048 1171 3109 conjectabat-otnerosormnrts.
1203 3050 1257 3098 Etsi
1268 3054 1304 3099 oi·

240 3112 305 3175 quotl
315 3128 340 3160 se
354 3112 477 3161 oerrexisse
507 3127 534 3160 ro
544 3113 692 3160 Daradarr'cloe
701 3112 756 3160 dicit
785 3120 890 3159 motum
908 3126 955 3160 non
972 3120 1076 3160 coornat
1091 3111 1155 3175 apud
1173 3113 1302 3177 scriptores,

241 3176 378 3236 Rhenanus,
391 3128 507 3224 sstinedi
513 3192 549 3239 pr.
560 3176 631 3223 Eas.
649 3176 755 3224 Romano
784 3177 896 3239 soalogm
917 3184 995 3225 umen
1020 3190 1067 3223 noo
1093 3192 1223 3239 repugnare
1246 3194 1310 3227 cum

240 3254 305 3289 mors
320 3240 443 3289 instram
455 3254 510 3289 orm
524 3240 606 3303 lipsio
622 3240 756 3303 intelligunt
785 3240 878 3303 Ryakio
888 3240 992 3288 arbitror.
1026 3240 1066 3287 Ex
1076 3243 1154 3287 medic
1165 3242 1191 3288 in
1208 3241 1271 3289 Bud.
1283 3258 1301 3291 r.

242 3304 309 3352 Piala
328 3303 410 3353 Heius.
427 3303 475 3351 alii.
508 3304 660 3353 Faventloee
674 3306 699 3363 2,
715 3306 753 3351 52.
784 3318 817 3351 m·
830 3303 1301 3370 feeitmodiea,quodetinFlor.soper.

239 3370 265 3428 3,
277 3369 317 3416 43.
333 3366 397 3416 Hira
408 3368 439 3416 Β.
450 3367 492 3416 Al.
502 3368 542 3416 st.
564 3368 616 3417 Nee
627 3377 704 3415 umen
715 3368 755 3415 de·
789 3368 907 3430 scriptum.

240 3431 457 3496 lendaproepositio,
473 3440 570 3481 streete
580 3441 675 3481 monent
685 3431 756 3481 aad.
821 3434 856 3480 Ut
873 3434 924 3479 belli
937 3434 1019 3494 portas
1028 3434 1087 3496 jare
1104 3434 1224 3497 caderent]
1243 3434 1304 3484 Hae

240 3496 329 3559 etBip.
347 3496 756 3555 Eud-babetmstriiaamta,ubi
786 3496 1213 3559 serbspeudeutabaspematisaot.
1244 3498 1304 3547 Λᾶ·

240 3560 319 3608 Rben.
328 3560 422 3624 supplet
431 3566 506 3609 aaut.
535 3562 608 3609 Porro
618 3561 681 3609 Bud.
694 3562 755 3609 Soza
786 3560 861 3607 dalius
877 3570 956 3609 autem
971 3560 1075 3609 malebat
1088 3569 1236 3624 temsponere
1250 3574 1304 3627 post

240 3626 386 3683 Bandusiae,
395 3624 458 3687 quod
466 3624 551 3687 recepit
559 3625 755 3673 Rhoeteum.
787 3626 889 3685 rignum
908 3626 986 3673 eada.
1021 3625 1078 3672 Non
1103 3625 1204 3673 absurda
1224 3630 1303 3689 conie-

240 3688 325 3736 Neees
333 3703 358 3735 re
368 3697 473 3751 suspecta
481 3688 579 3737 debebat
589 3704 637 3737 erse
647 3687 757 3735 Rhenani
787 3697 859 3737 etura.
891 3689 962 3737 Forte
972 3697 1049 3736 nmen
1060 3694 1088 3735 at
1097 3687 1231 3750 delerrdmn,
1240 3692 1304 3755 quod

240 3750 298 3801 fides
307 3752 519 3816 amstonpraef.
526 3752 562 3801 sd.
572 3752 760 3815 adspxxxn,
787 3752 858 3800 aiam
873 3753 919 3813 hia,
939 3755 1032 3817 propter
1052 3752 1206 3815 frequentiam
1223 3762 1261 3801 τοῦ
1276 3773 1302 3814 a,

240 3816 315 3865 Haud
325 3830 377 3865 raro
387 3816 452 3864 Bud.
464 3831 518 3865 eum
527 3816 580 3864 edit
592 3817 756 3881 pnoouspirst.
786 3816 904 3879 inffatam
922 3825 963 3863 est.
996 3818 1061 3864 Belli
1072 3820 1155 3878 petisse
1165 3821 1224 3879 Jure
1237 3822 1302 3867 eade·

273 3881 321 3930 Sed
331 3882 433 3929 oculus
440 3880 545 3943 Jaaelts]
561 3879 638 3929 Vatia
655 3884 757 3928 cratibus
788 3888 848 3937 rent,
860 3880 936 3928 multo
953 3880 1035 3928 fortitu
1048 3888 1072 3927 et
1084 3880 1199 3930 &aaut
1214 3883 1265 3942 erit,
1280 3892 1304 3931 et

239 3951 263 3993 et
274 3947 392 4004 mancatis,
404 3946 484 4007 probo.
503 3945 578 3993 Inus.
612 3945 651 3993 sic
661 3952 684 3991 et
693 3946 754 3992 Flor.
787 3944 820 3991 ita
831 3944 929 3993 Tacitus
939 3944 993 3991 aliis
1002 3958 1098 4007 quoque
1106 3944 1169 3992 locis.
1192 3946 1253 3993 lilox
1261 3962 1311 4009 pro·

241 4009 301 4073 lleg.
315 4008 377 4072 Agr.
394 4008 440 4056 Ed.
457 4024 492 4071 pr.
509 4008 652 4072 transpositis
668 4008 757 4066 vitiose,
783 4024 908 4071 perrump.
930 4008 1012 4056 otiosa
1030 4006 1084 4055 edd.
1106 4016 1162 4055 vett.
1178 4023 1305 4073 proramp.

240 4082 267 4121 ut
283 4073 348 4133 alibi,
366 4071 437 4121 literis
449 4072 574 4134 jumento.
616 4071 676 4122 eod.
693 4072 759 4120 Bud.
787 4088 861 4135 amne
878 4072 909 4119 ad
921 4072 1070 4120 Rbenanum·
1087 4072 1160 4120 Euri.
1193 4072 1223 4119 Iu
1239 4074 1303 4122 Bud.

241 4138 441 4185 ercamserta
458 4152 486 4184 ae
502 4140 619 4187 otomatis.
651 4139 758 4193 Jaaetis,
787 4144 865 4185 umen
876 4146 910 4185 est
917 4143 1129 4200 prorumpereatar
1139 4153 1148 4195 ,·
1160 4150 1215 4199 ergo
1226 4136 1303 4187 Reos

240 4202 304 4263 quod
314 4209 348 4249 est
359 4202 387 4249 in
401 4200 438 4249 ed.
455 4201 548 4249 Puteol.
560 4210 583 4249 et
598 4200 653 4248 Riv.
669 4200 758 4248 foetum
769 4249 776 4254 ,
789 4216 819 4249 ex
829 4200 930 4263 ingenio.

241 4280 257 4313 a
278 4267 368 4322 nacte,
383 4264 446 4329 quod
465 4274 500 4313 est
517 4265 542 4313 iu
560 4264 640 4313 Guelf.
659 4272 687 4312 ut
705 4274 759 4313 ante
821 4265 895 4325 Apud
910 4268 948 4327 eff.
964 4265 1078 4327 Caesartr]
1096 4262 1306 4321 Qualisfcrebstnr

237 4331 355 4391 Jamnttr
373 4345 386 4377 e
401 4332 517 4377 vimentis.
552 4328 610 4378 vid.
625 4329 655 4377 ad
668 4328 707 4387 ll,
720 4329 760 4376 31.
789 4329 814 4376 iu
831 4328 898 4391 signo
912 4328 1017 4377 militari·
1042 4327 1080 4375 Cf.
1098 4327 1189 4388 imi·
1204 4330 1306 4376 etSuet.

245 4394 337 4449 Vinetis
349 4400 427 4441 autem
438 4403 519 4451 natum
530 4402 564 4443 est
575 4408 588 4442 e
598 4394 682 4456 glossa
699 4392 759 4443 Bro-
792 4391 844 4441 Cal.
859 4393 900 4439 14.
943 4426 946 4429 -
