3042 4950
261 186 295 227 Λ.
309 190 339 231 c.
356 172 420 244 63.]
660 178 739 237 LlB.
754 178 834 239 XIV.
852 178 939 243 CAP.
958 188 1006 244 56.
1270 195 1329 255 247

259 354 403 414 munera,
416 335 496 401 dum
509 337 575 403 vita
589 353 743 424 suppetet,
758 344 875 409 aeterna
892 360 1005 411 erunt:
1027 370 1101 432 quae
1117 356 1136 414 a
1150 371 1200 415 me
1214 348 1319 432 habes,

259 418 342 485 horti
355 436 388 486 et
400 420 504 485 ioenus
519 437 552 487 et
564 421 657 501 villae,
672 425 795 491 casibus
812 429 948 493 obnoxia
959 445 1052 495 sunt:
1075 457 1121 511 ao,
1137 436 1208 501 lioet
1221 440 1321 504 inulta

259 503 432 583 videantur,
453 504 530 592 pleri
554 530 603 587 ue,
620 508 866 597 haudquaquam
885 514 1005 580 artibus
1023 517 1085 582 tuis
1105 542 1204 605 pares,
1227 524 1319 610 plura

258 602 437 655 tenuerunt.
479 530 586 657 Pudet
604 594 719 659 referre
737 595 907 677 libertinos,
921 599 977 685 qui
991 599 1117 667 ditiores
1130 620 1317 691 spectantur.

256 674 354 739 Unde
373 676 466 740 etiarn
485 678 592 742 rubori
610 678 687 743 mihi
705 695 762 760 est,
778 683 864 769 quod
884 684 1063 772 praecipuus
1081 690 1318 769 caritatesnon·

253 754 333 823 dum
348 782 455 826 omnes
467 762 594 827 fortuna
607 765 772 831 antecellis.
863 832 865 835 ,
925 800 930 807 ·

298 846 391 911 LVI.
406 855 429 887 “
438 847 560 912 Verum
569 863 601 913 et
609 850 667 914 tibi
674 850 778 917 valida
786 865 871 932 aetas,
877 856 1033 942 rebusque
1043 872 1074 923 et
1082 858 1200 925 inactui
1210 879 1315 927 rerum

253 930 428 1006 sufficiens;
443 947 476 997 et
490 956 546 997 nos
558 935 660 1020 prima
674 936 802 1022 Imperii
816 940 917 1023 spatia
929 941 1139 1089 inpredimur:
1162 946 1221 1009 uisi
1235 949 1315 1013 forte

253 1030 312 1080 aut
326 1028 358 1080 te
372 1017 501 1083 Vitellio
514 1032 562 1083 ter
577 1020 716 1099 Consuli,
731 1035 788 1086 aut
805 1044 855 1086 me
871 1024 951 1090 Clau
975 1026 1005 1090 io
1025 1028 1193 1123 postponis.
1242 1034 1315 1113 Sed,

252 1116 407 1185 quantum
427 1103 562 1168 Volusio
585 1104 679 1189 longa
698 1107 886 1191 parsimonia
907 1110 1061 1209 quaesivit,
1083 1128 1204 1181 tautum
1226 1119 1260 1181 in
1283 1134 1315 1183 te

251 1206 321 1249 men
330 1187 496 1251 liberalitas
503 1187 630 1274 explere
640 1211 703 1252 non
717 1203 829 1275 potest.
853 1194 953 1271 Qum,
964 1196 989 1258 si
999 1218 1064 1282 qua
1073 1197 1106 1261 in
1114 1214 1203 1286 parte
1214 1201 1313 1267 lubri-

250 1292 324 1333 cum
334 1270 547 1336 adolescentiae
557 1287 671 1337 nostrae
681 1274 826 1355 declinat,
837 1300 961 1342 revocas
973 1304 983 1352 ;
999 1296 1206 1369 ornatumque
1217 1287 1315 1353 robur

172 1348 184 1379 ³
250 1354 390 1420 subsidio
407 1358 577 1443 impensius
594 1358 686 1444 regis.
730 1360 807 1425 Non
826 1375 882 1427 tua
901 1364 1080 1445 moderatio,
1097 1368 1122 1431 si
1141 1368 1313 1437 reddideris

250 1440 435 1525 pecuniam3
451 1463 509 1505 nec
521 1444 621 1528 quies,
635 1444 661 1508 si
674 1444 835 1531 reliqueris
847 1447 1024 1536 Principem
1035 1475 1045 1525 ;
1063 1452 1117 1516 sed
1130 1475 1199 1517 mea
1213 1456 1313 1519 avari-

249 1523 303 1603 tia,
318 1547 396 1590 meae
410 1526 600 1593 crudelitatis
614 1542 715 1598 metus
729 1531 762 1593 in
777 1554 830 1595 ore
844 1534 984 1597 omnium
998 1537 1181 1602 versabitur.
1218 1541 1313 1619 Quod

249 1608 275 1671 si
288 1612 424 1675 maxime
443 1612 632 1677 continentia
651 1628 707 1677 tua
723 1615 882 1695 laudetur,
897 1640 960 1681 non
976 1634 1078 1683 tamen
1099 1646 1131 1685 sa
1155 1622 1229 1686 ienti
1244 1624 1311 1689 viro

249 1691 397 1759 deoomm
410 1696 516 1774 fuerit,
533 1699 617 1762 unde
630 1699 730 1762 amico
740 1700 899 1766 infamiam
913 1718 1010 1788 paret,
1022 1704 1096 1769 inde
1110 1645 1312 1791 giisriam‘sihi

249 1778 412 1865 recipere.”
440 1782 504 1846 His
517 1783 624 1869 adjicit
637 1783 836 1870 complexum
851 1801 883 1850 et
896 1788 1010 1866 oscula,
1025 1790 1128 1855 factus
1142 1807 1265 1869 natura,
1281 1812 1314 1862 et·

248 1866 472 1931 cousuetudine
497 1868 662 1947 exercitus,
687 1869 791 1935 velare
819 1871 927 1937 odium
953 1874 1116 1943 fallacibus
1143 1877 1310 1947 blanditiis.

279 2204 330 2238 nus
497 2223 505 2239 .
559 2205 607 2240 nu.
820 2224 827 2240 .
876 2210 913 2241 me
1090 2212 1099 2242 e
1301 2232 1309 2246 .

277 2256 508 2317 Etfructaireram
518 2257 760 2322 sufflammat
792 2208 865 2305 irrora
882 2257 1014 2319 vulgatum
1034 2274 1121 2308 verum.
1155 2213 1309 2310 d’arsimauis

245 2326 326 2366 mnas
334 2318 429 2369 Jcmm
439 2320 761 2385 Psrisiensan,quisuacrai
792 2330 815 2367 et
830 2321 956 2369 liberalitas
970 2332 1119 2385 opponuntur
1136 2332 1196 2387 apte.
1231 2325 1306 2373 Ean.

245 2383 380 2445 ωιτίςώοι,
398 2386 446 2433 lata
464 2383 566 2432 defendit
583 2384 710 2433 Salmasius
730 2387 761 2435 sd
791 2384 880 2434 Bada
893 2387 914 2433 l.
926 2388 994 2433 mia
1005 2398 1103 2433 nemea
1113 2388 1247 2435 liberalitas.

244 2445 263 2493 J
264 2460 292 2496 us
301 2447 355 2495 Λα,
364 2456 388 2498 et
397 2448 470 2498 Rom.
480 2464 500 2498 a.
510 2450 548 2497 la
559 2465 582 2512 p.
593 2449 650 2505 37³.
677 2450 750 2499 Bau.
823 2451 1010 2512 inornatumque
1028 2449 1111 2516 robae]
1130 2454 1243 2500 Iaoraati
1262 2468 1306 2502 vox

278 2513 759 2577 caaaaproepaaa18iquidvidso‚aut
790 2511 903 2574 displicet,
919 2529 973 2562 cum
992 2523 1117 2588 sequautur
1134 2517 1204 2564 verbs
1222 2532 1306 2580 pamm

245 2575 368 2637 negatione
375 2577 445 2624 insito
455 2575 566 2633 scribend.
577 2591 624 2624 aon
630 2580 759 2640 preponis,
790 2576 826 2622 illi
842 2591 952 2639 congrus.
982 2577 1075 2637 Malim,
1093 2580 1306 2650 inordinatamque,

242 2648 284 2687 sut
298 2641 437 2688 mutandum
452 2640 477 2687 in
490 2642 620 2701 postponis.
652 2641 721 2688 Certe
736 2650 760 2689 et
788 2639 813 2685 id
824 2641 1053 2703 esniuoompositum
1065 2642 1138 2690 atatis
1149 2642 1220 2704 hujus
1228 2645 1305 2692 robur.

242 2704 309 2751 Nm
320 2703 409 2765 judido
418 2713 474 2752 ante
485 2703 619 2759 Claudium,
632 2712 656 2753 et
671 2705 758 2754 Seneca
789 2703 841 2751 Nec
856 2703 962 2766 displicet
977 2718 1032 2752 ssne
1043 2705 1135 2764 Fssmi,
1147 2709 1304 2780 tamtumque

241 2768 404 2817 omnireante
414 2767 545 2818 Vitellium.
575 2767 653 2817 lama.
686 2770 757 2817 Post.
788 2769 869 2815 robur.
902 2768 977 2814 lues.
1011 2769 1106 2816 Frustra
1120 2771 1257 2831 conjecturis
1266 2773 1304 2819 iu-

236 2829 1022 2894 maniapncimm.12tidasoeinduseseviridoen
1055 2832 1220 2882 BerrssMS.
1239 2834 1302 2884 Flor.

242 2894 299 2944 MS.
313 2895 350 2943 Fi
361 2906 441 2946 auctor
455 2897 482 2944 J.
494 2896 567 2944 Gron.
583 2895 608 2942 in
623 2896 757 2960 nea-Bra.
788 2901 897 2943 anuum
915 2895 1029 2959 rescripsit
1048 2895 1164 2970 Picheuss
1185 2912 1233 2970 quo
1251 2899 1303 2947 loos

241 2959 320 3015 terius,
357 2961 384 3008 ui
406 2960 491 3024 rsaspit
516 2959 541 3006 in
562 2968 661 3018 mmm,
684 2975 755 3023 quem
787 2965 865 3006 tamen
880 2959 911 3007 sb
927 2959 972 3007 ela
987 2974 1060 3008 manu
1075 2958 1200 3008 additums
1221 2963 1298 3010 tradit.

239 3035 339 3135 sn.
353 3023 757 3152 ..minianu
785 3021 1303 3151 ..armar

214 3193 225 3208 „
239 3149 329 3199 dedisse
344 3160 421 3213 putas,
436 3152 554 3214 mgustior
569 3160 611 3211 est,
625 3166 697 3214 ιιιιιιιιι
712 3167 755 3214 pro
785 3150 837 3198 silio
855 3149 949 3208 amaad,
965 3150 1101 3198 instruxisti.
1133 3151 1205 3199 Ean.
1236 3155 1300 3203 Bud.

239 3229 265 3262 re
275 3223 299 3262 et
308 3216 501 3264 mteoedmtiboa
517 3216 590 3263 Eun.
609 3214 684 3278 Vulg.
689 3231 754 3278 μα.
785 3216 972 3275 inornatumque.
990 3216 1108 3262 Oratam
1116 3230 1219 3279 recepere
1229 3229 1300 3266 certa·

235 3281 307 3339 poas's
325 3287 404 3327 tuetur
421 3289 474 3343 post
489 3278 628 3327 Sslinerium
643 3278 752 3327 Pichens.
784 3278 829 3325 tim
836 3278 975 3326 recentiores.
992 3279 1047 3341 Bip.
1059 3292 1105 3326 non
1116 3295 1130 3326 a
1141 3275 1300 3342 aegrescunt

239 3340 269 3389 ln
284 3346 406 3405 postponis
420 3343 555 3392 meotes
570 3356 651 3390 omnes
662 3343 754 3405 conspi-
784 3349 894 3389 ornatum
901 3342 999 3405 pendere
1005 3343 1110 3403 judicant
1119 3343 1166 3390 abl.
1178 3346 1287 3392 wissa.

238 3415 298 3455 rsut.
330 3407 393 3454 Bnd.
401 3406 597 3472 praepoamgr.
608 3410 736 3468 antepono.
819 3407 886 3453 Unde
900 3407 974 3452 amico
989 3407 1114 3469 infimam
1125 3407 1208 3468 paret]
1226 3408 1298 3463 Quod

275 3472 450 3533 Vahaolongu
460 3468 621 3534 parcimonia]
636 3469 696 3518 Dixi
711 3486 751 3518 su·
782 3467 841 3516 mihi
859 3468 915 3518 olim
933 3477 1013 3531 sponte
1030 3469 1055 3518 in
1073 3479 1174 3518 mentem
1194 3473 1263 3531 venit,
1283 3487 1297 3522 s

237 3549 296 3596 prss
315 3535 377 3583 sddo
394 3535 439 3584 hoc
455 3549 541 3583 nomen
558 3534 584 3581 in
599 3533 677 3582 vatic.
696 3548 752 3582 oon-
781 3533 932 3596 grammatias
938 3533 1222 3608 ationalegendumme
1261 3545 1297 3585 m

385 3678 425 3710 ΟΠ
1051 3693 1058 3709 ο
1130 3691 1136 3707 s
1248 3695 1255 3711 s

236 3733 278 3786 est,
292 3726 339 3774 lure
354 3725 478 3774 alludmtis
492 3677 751 3784 mmmmm,
780 3724 837 3773 MS.
919 3757 925 3770 .
951 3725 1048 3786 protulit
1070 3725 1141 3772 etism
1168 3725 1294 3775 Bmterius.

232 3804 345 3850 mose
371 3792 454 3849 Volso,
479 3805 521 3838 aaa
546 3792 626 3838 clausa
652 3792 751 3852 repostis
780 3787 875 3838 Veteres
913 3788 938 3835 d.
945 3787 1068 3850 paritrid
1078 3803 1188 3850 corrigere
1198 3789 1297 3838 debebat
1366 3841 1367 3844 ,

236 3855 349 3901 Pandora
369 3856 496 3914 maris,
518 3856 601 3915 parfia
621 3868 662 3902 aaa
684 3857 751 3916 regia
780 3853 857 3901 Rhea.
874 3859 952 3914 paret,
974 3865 1020 3898 non
1035 3859 1115 3926 parat,
1134 3851 1198 3926 quod
1214 3867 1295 3904 omnes

235 3920 352 3979 1⁸0st
362 3919 515 3982 Prqulgm
529 3920 594 3966 ctare
609 3925 632 3966 st
643 3931 749 3980 possem
780 3917 875 3974 habent,
884 3931 959 3980 usque
974 3915 1004 3962 sd
1015 3915 1149 3978 Bycluumx
1166 3925 1223 3964 stem
1237 3917 1295 3968 MS.

234 3984 391 4044 massan
402 3983 553 4046 Profuerint.
580 3982 656 4030 Lars.
688 3981 747 4030 Bro-
782 3979 861 4028 Gueli.
890 3980 964 4028 Enn-
995 3979 1058 4027 Bud.
1066 3985 1145 4054 parat.

234 4048 750 4174 mamutii&
772 4043 1294 4172 faitltitffflqit.ll¹s⁸tt

235 4172 306 4220 Ean.
339 4174 370 4222 ln
447 4167 473 4224 'a
488 4177 604 4223 zmsad
619 4176 641 4223 si
655 4191 677 4236 q.
690 4175 747 4238 Agr.
779 4174 861 4235 reperit
871 4171 995 4220 Broterius.
1018 4171 1293 4234 Sedsactusverumett·

235 4237 274 4286 ssd
284 4253 315 4283 an
326 4253 347 4299 q.
779 4237 851 4290 Eun.
874 4235 937 4284 Bud.
943 4236 1046 4297 facetus.
1287 4273 1296 4282 ..
