3042 4950
240 232 281 290 aa
663 229 887 291 snnnmunr
1136 233 1306 306 [aanor.

314 397 362 453 59.
378 393 481 451 Furius
491 390 698 455 Scribonianus
708 395 867 474 relegatus.
893 395 950 456 SC.
960 393 999 452 de
1008 391 1233 453 mathematicis.
1246 393 1304 453 ῐ58.

199 541 202 548 ¹
276 473 334 531 SC.
349 471 541 531 Claudianum
556 469 593 529 de
606 471 733 540 faminis,
747 493 813 562 pua
825 472 915 530 servis
930 475 1187 549 conjungerentur.
1215 472 1302 529 Adu-

277 551 347 608 latio
362 551 391 606 in
413 549 585 608 Pallantem.
626 555 675 609 54.
699 550 784 608 Felix
799 562 829 609 et
843 551 997 609 Ventidius
1019 551 1139 609 turbant
1156 550 1302 610 Judaeam.

278 629 445 691 Quadratus
460 628 589 705 quietern
609 627 716 686 reddit.
756 631 806 688 55.
827 628 931 688 Motus
953 629 983 685 in
1004 628 1108 688 Cilicia
1128 628 1211 687 sedat
1231 628 1300 686 Rex

279 707 454 787 Aptiochus.

316 789 365 844 56.
386 785 483 842 Lacus
498 782 626 842 Fucinus
641 784 762 842 emissus
778 796 808 843 et
821 784 852 842 in
866 805 902 843 eo
912 785 1015 844 navale
1024 784 1237 862 spectaculum,
1251 783 1300 844 57.

276 875 307 920 et
329 863 492 920 convivium
514 881 581 921 cum
602 863 743 940 periculo.
784 867 833 922 58.
853 865 933 923 Nero
950 864 1033 922 ducit
1053 861 1217 922 Octaviam.
1253 865 1302 921 59.

278 941 408 1000 Statilius
424 941 538 998 Taurus
554 960 680 1000 eversus.
720 945 769 1002 69.
794 943 1022 1001 Procuratorum
1035 942 1065 998 in
1072 939 1235 1017 provinciis
1248 957 1300 997 au-

278 1020 399 1078 ctoritas
413 1031 509 1077 aucta.
544 1025 591 1080 61.
611 1020 680 1088 Cois
695 1038 836 1080 concessa
848 1021 1025 1078 immunitas.
1059 1025 1107 1078 62.
1117 1024 1165 1079 63.
1186 1019 1300 1096 Byzan·

276 1098 324 1156 riis
338 1099 480 1155 tributum
495 1098 533 1155 ad
546 1108 662 1176 tempus
675 1098 842 1158 remissurn:
863 1103 930 1176 ejus
944 1099 1024 1156 urbis
1038 1098 1122 1155 situs.

319 1181 366 1236 64.
396 1176 534 1252 Prodigia
554 1176 723 1235 Claudianae
743 1177 834 1236 necis.
876 1182 924 1237 65.
948 1177 1067 1253 Lepidae
1084 1193 1162 1232 mors
1181 1173 1301 1231 indicta.

277 1254 407 1313 Narcissi
428 1253 528 1310 liberae
548 1273 647 1314 voces.
691 1259 737 1315 66.
751 1258 799 1317 67.
823 1255 980 1316 Claudiurn
1003 1253 1168 1330 Agrippina
1185 1269 1300 1308 veneno

277 1333 362 1390 tollit.
406 1335 454 1390 68.
474 1335 556 1390 Nero
569 1332 728 1410 primordia
741 1334 861 1411 Imperii
876 1333 964 1410 capit.
999 1336 1046 1392 69.
1071 1331 1169 1388 Funus
1183 1339 1214 1387 et
1227 1347 1300 1386 con-

276 1410 402 1469 secratio
417 1410 543 1469 Claudii.
584 1411 677 1470 Gesta
691 1412 755 1470 haec
769 1412 851 1470 annis
864 1431 928 1482 sex,

362 1527 366 1533 ν
396 1505 422 1548 c.
437 1509 584 1560 rostrato,
605 1511 634 1553 o.
648 1511 817 1559 vsasnnro,
831 1509 915 1550 coss.

396 1589 422 1628 c.
436 1589 592 1639 suniario,
613 1590 646 1628 Μ.
662 1589 767 1628 surnro
781 1589 871 1639 anso,
885 1585 972 1627 coss.

395 1667 437 1706 nr.
453 1666 584 1706 cnsunro
602 1669 631 1717 v,
647 1664 882 1708 cantaminum
896 1665 1020 1713 castro,
1040 1662 1121 1704 coss.

397 1749 422 1784 n.
437 1746 591 1786 sonnacio
607 1747 714 1796 sunna,
736 1747 762 1786 n.
779 1745 886 1786 sannio
900 1733 1132 1793 cananaeos&

395 1827 426 1865 n.
439 1825 530 1864 rnnro
546 1825 665 1872 sturno,
688 1827 716 1869 o.
732 1825 877 1873 assunto,
896 1821 977 1862 coss.

300 1943 304 1949 .
394 1905 427 1944 rr.
441 1904 546 1944 asinio
560 1903 731 1954 nuncnunc,
754 1889 786 1944 Μ’
801 1902 903 1943 scrnro
916 1901 1035 1951 avions,
1050 1899 1131 1939 coss.

580 2054 619 2110 A.
635 2053 671 2108 U.
694 2053 762 2108 802.
803 2051 841 2107 A.
856 2050 891 2106 C.
913 2053 961 2108 49.

250 2243 256 2248 ,
279 2177 308 2240 Ι.
340 2175 439 2239 Cana
454 2173 643 2238 Messallinae
658 2173 806 2238 convulsa
823 2172 978 2258 Principis
992 2150 1115 2250 domus,
1131 2183 1201 2236 orto
1214 2171 1301 2258 apud

199 2279 203 2282 “
236 2263 363 2326 libertos
372 2261 548 2338 certamine,
559 2260 630 2346 quis
644 2260 794 2346 deligeret
801 2281 932 2322 uxorem
942 2256 1087 2334 Claudio,
1099 2256 1215 2321 o'aetibis
1229 2257 1302 2320 vitae

235 2345 421 2422 intoleranti,
436 2357 468 2413 et
487 2345 658 2431 conjugum
678 2344 815 2431 imperiis
833 2343 978 2408 obnoxio.
1022 2343 1054 2405 N
1057 2365 1090 2404 ee
1104 2342 1224 2405 minore
1238 2363 1303 2405 am-

236 2432 306 2496 bitu
321 2430 442 2495 leminae
464 2443 657 2496 exarserant:
681 2453 769 2495 suam
788 2452 922 2517 quaeque
940 2426 1143 2506 nobilitatem,
1158 2428 1302 2504 formam,
1322 2447 1326 2453 ·

236 2540 322 2603 opes,
338 2515 533 2595 contendere,
551 2540 587 2581 ac
606 2518 701 2603 digna
718 2530 807 2581 tanto
820 2514 1016 2579 matrimonio
1030 2527 1193 2577 ostentare.
1239 2512 1303 2576 Sed

235 2603 370 2665 maxime
381 2602 595 2687 ambigebatur
610 2603 690 2666 inter
703 2601 838 2666 Lolliam
850 2600 1035 2677 Paullinam,
1052 2600 1101 2661 M.
1113 2597 1207 2661 Lollii
1219 2599 1302 2661 Con-

237 2686 347 2751 sularis
368 2687 474 2765 filiam,
501 2702 532 2750 et
554 2691 576 2751 J
580 2686 674 2751 uliam
697 2687 917 2773 Agrippinam,
937 2683 1124 2749 Germanico
1146 2683 1300 2768 genitam:

236 2772 310 2836 huic
325 2772 439 2853 Pallas,
453 2772 497 2835 illi
514 2772 670 2851 Callistus,
683 2773 821 2837 fautores
835 2771 979 2835 aderant:
1003 2781 1035 2833 at
1051 2768 1138 2832 AElia
1153 2768 1302 2845 Petinae

234 2856 352 2921 familia
374 2859 592 2938 Tuberonum,
616 2860 762 2923 Narcisso
784 2858 956 2923 fovebatur.
1009 2856 1084 2941 Ipse
1107 2852 1209 2917 modo
1228 2853 1302 2933 huc,

250 3038 403 3104 ‘Deligeretl
419 3038 485 3105 Lips.
496 3043 614 3103 diligeret.
637 3036 705 3091 Istud
716 3056 751 3091 rc-
784 3049 834 3090 ram
858 3040 959 3087 hominia
984 3037 1118 3091 autmutari,
1139 3051 1209 3098 qaum
1237 3036 1302 3091 nita,

236 3104 311 3153 stituit
323 3104 431 3153 Pichena
458 3105 586 3153 Sicetood
599 3106 663 3153 Bud.
787 3121 857 3167 quam
873 3106 970 3150 arboris.
1004 3104 1066 3149 Hoec
1083 3105 1147 3148 enim
1161 3102 1232 3148 etiam
1245 3101 1305 3145 dici-

272 3171 355 3217 Catthi
366 3171 421 3217 nitoe
431 3171 561 3233 intonanti]
579 3170 609 3217 In
617 3170 689 3217 MSS.
701 3170 755 3234 qui·
787 3186 840 3217 marr
851 3172 946 3215 vivere.-
963 3182 1010 3214 non
1020 3167 1069 3213 aas.
1098 3163 1304 3227 Sedsapedehac

236 3234 336 3283 bustim
347 3236 448 3282 calibis.-
465 3235 564 3283 etvellet
572 3233 682 3293 Pichena,
695 3236 757 3281 caeli-
788 3248 813 3281 re
823 3232 903 3290 critici,
915 3240 938 3279 et
948 3230 1078 3294 frequentia
1093 3237 1148 3276 sunt
1158 3229 1265 3289 exempla
1279 3228 1305 3273 in

179 3329 184 3336 .
237 3298 273 3344 on
293 3301 348 3345 uita
365 3300 506 3347 latebrosa.
540 3299 605 3346 Illud
624 3299 755 3361 vulgatum,
788 3295 1050 3361 primisapudGraeoos.
1085 3292 1218 3339 Sedtamen
1229 3291 1303 3339 MSS.

237 3361 756 3475 misantnsttnnurtr
789 3354 1305 3471 8888888888

552 3460 559 3473 ·
646 3459 652 3473 ·
855 3457 862 3471 ·
944 3455 950 3469 ·
1120 3453 1126 3466 ·
1158 3452 1165 3464 ·
1296 3451 1304 3476 r

239 3488 357 3536 Pichena:
382 3505 452 3554 quem
471 3506 550 3538 omnes
566 3498 645 3553 postea
661 3489 757 3539 editores
789 3489 827 3543 47.
840 3488 948 3549 dejirissc,
959 3487 1000 3547 qui
1010 3500 1033 3532 re
1043 3499 1117 3545 regno
1127 3486 1227 3545 dignam
1234 3488 1305 3544 puto-

238 3554 313 3599 secuti
321 3562 382 3601 sunt.
411 3556 505 3603 calita
515 3556 550 3603 ed.
561 3570 597 3617 pr.
608 3555 695 3603 Cetera
706 3569 757 3603 orn.
789 3559 833 3599 ret.
845 3552 918 3599 Eun.
934 3550 990 3613 Bip.
996 3546 1305 3613 prascnmtdignamfflrot.

238 3619 372 3665 nescoelibi.
405 3618 461 3665 MS.
472 3620 552 3681 Agric,
564 3620 688 3671 insolenti:
705 3634 758 3682 qua
790 3616 884 3667 ethall.
897 3618 979 3677 digno.

239 3690 275 3729 est
286 3682 363 3745 glossa
373 3686 410 3729 τοῦ
419 3684 561 3729 intoleranti.
587 3686 759 3731 lactantius·
823 3684 864 3729 M.
884 3682 957 3727 zoua
976 3679 1114 3727 Consularis
1128 3677 1222 3739 filiam]
1250 3674 1307 3721 Non

239 3745 314 3793 slituit
324 3746 351 3793 J.
360 3746 498 3806 Gronovius,
510 3746 641 3796 defensione
650 3746 674 3795 'et
683 3746 759 3810 expli·
790 3746 860 3809 prisci
877 3744 941 3791 illius
963 3741 1043 3801 Lollii,
1065 3742 1107 3806 qui
1128 3741 1257 3789 moderator
1279 3738 1308 3786 G.

204 3826 211 3833 ·
239 3810 461 3859 cotioneverborum
475 3812 594 3873 promissa,
611 3828 657 3859 non
674 3810 757 3859 adlata.
793 3808 879 3859 Casani
890 3808 966 3864 datus,
978 3805 1254 3878 neerres,sedfiliiejus;
1266 3802 1308 3865 qui

240 3876 313 3925 Ean.
341 3876 651 3939 IntorrcntlprobatetUrs.
664 3874 759 3938 Lipsius
791 3884 869 3922 tamen
891 3872 985 3937 quando
1005 3871 1093 3919 Consul
1113 3869 1193 3928 fuerit,
1219 3880 1305 3940 rgbofo·

240 3940 296 3989 adv.
308 3936 443 4005 lampugn.
457 3941 482 3988 id
493 3950 570 3991 tuetur
579 3957 608 3989 ex
619 3941 674 3990 Iriv.
684 3941 708 3999 3,
718 3941 759 3987 48.
791 3940 910 4001 Tempora
920 3937 1025 3996 suadent,
1041 3945 1064 3983 et
1078 3933 1202 4005 cladssima
1216 3930 1307 3977 Phnrus

240 4020 313 4065 qaam
323 4007 371 4053 nac
382 4008 527 4055 somniasset.
545 4006 664 4070 Ryclrium
675 4018 757 4067 perpe-
792 4006 817 4063 9,
829 4006 870 4051 58.
884 4001 925 4064 qui
935 4000 995 4048 banc
1010 4000 1111 4047 Lolliam
1125 3996 1258 4046 Paullrnam
1267 4007 1308 4040 ne-

240 4083 292 4117 ram
302 4070 327 4117 in
338 4086 391 4119 suas
402 4079 477 4135 partes
487 4069 557 4118 trabit
567 4071 594 4120 J.
606 4072 679 4119 Gran.
790 4076 855 4132 ptem
866 4067 929 4114 illius
936 4063 1120 4127 Lolliiappellat.
1128 4062 1204 4110 ers.
1215 4058 1308 4133 Isiliam

273 4135 311 4181 Ac
330 4136 404 4197 digna
420 4142 485 4183 tanto
501 4137 664 4200 nrotrimoaio]
689 4132 759 4181 Forte
792 4130 971 4180 abestaGuelf.
987 4130 1060 4177 Ean.
1089 4125 1309 4175 EtaFlor.1tema

240 4196 333 4259 dignor.
351 4201 442 4249 Guorr.
482 4200 585 4261 Fnrstra
604 4200 682 4261 judice
701 4197 754 4246 Nic.
792 4197 855 4245 Bud.
888 4188 1270 4264 Adjectavideturabeditoribus.

242 4260 342 4309 Heinsio
362 4265 422 4313 obs.
443 4264 513 4313 Misc.
536 4272 554 4312 t.
570 4268 595 4315 9.
616 4278 640 4327 p.
658 4265 713 4313 282
736 4271 759 4310 et
823 4261 859 4310 At
870 4261 950 4323 AErsa]
968 4257 1006 4309 Sic
1017 4249 1310 4319 asarsuapnuslc·

243 4323 329 4375 Bum-
348 4328 384 4380 ad
409 4328 672 4381 Suessetanae
708 4326 766 4380 Cic..
791 4329 928 4393 gebaturet.
1320 4334 1324 4341 ·

243 4388 316 4439 Tusc.
334 4391 355 4450 l,
370 4391 411 4442 24.
425 4398 476 4441 tom
493 4401 586 4447 notura.
592 4400 705 4459 putorem
723 4394 759 4441 ni·
