3042 4950
449 473 524 565 ,0.
563 472 849 566 CORNELII
883 460 1081 568 mictu

755 663 800 705 AB

452 787 686 866 EXCESSU
713 789 835 864 DIVI
858 787 1101 864 AUGUSTI

312 933 1240 1090 inunctum

542 1173 690 1240 n...
711 1173 1009 1241 ...unffi
1098 1174 1100 1177 ·

674 1361 873 1402 *Q*-

452 1523 454 1526 ·
563 1499 838 1560 BREVIARIUM
857 1501 982 1561 LIBRI.

240 1639 314 1778 Capq.
323 1644 409 1704 1-3.
423 1641 558 1702 Valerius
569 1643 719 1704 Aulaticus
733 1663 751 1702 a
765 1644 859 1702 Snilio
869 1655 900 1702 et
911 1641 1025 1704 Sosibio
1035 1652 1191 1704 accusatus
1200 1641 1305 1702 fraude

316 1721 457 1784 essallinae
470 1733 501 1780 et
512 1721 623 1792 Vitellii
638 1721 790 1791 evertitur,
800 1735 831 1782 et
844 1722 938 1782 hilare
952 1721 1084 1782 moritur.
1110 1726 1138 1780 4.
1154 1720 1305 1780 Somnium

280 1799 399 1858 soevitiae
412 1817 524 1878 caussa.
555 1804 584 1858 5.
604 1801 638 1858 In
649 1799 802 1878 perfidiam
816 1801 1027 1860 advocatorum
1035 1801 1091 1863 lex
1103 1799 1207 1858 Cincin
1219 1799 1304 1876 flagi·

242 1929 261 1952 ¹.
280 1887 369 1935 tatur.
395 1881 424 1937 6.
434 1887 463 1946 7‘.
480 1877 608 1936 Prremiis
622 1897 676 1956 pro
690 1879 854 1956 patrocinio
868 1879 973 1938 modus
986 1878 1105 1958 ponitur
1118 1876 1294 1955 uPrincipe.

319 1957 346 2016 8.
368 1956 471 2035 Parthi
483 1955 662 2014 discordant.
691 1958 834 2012 Gotarzes
846 1957 948 2032 pulsus
957 1958 1034 2018 vires
1046 1975 1079 2014 re
1101 1966 1173 2026 arat.
1201 1961 1230 2016 9.
1251 1957 1306 2014 Pa-

279 2050 345 2094 cem
358 2034 413 2093 init
427 2053 496 2089 curn
510 2031 662 2097 Bardone3
686 2037 730 2088 10.
747 2031 797 2090 hic
810 2033 906 2090 victor
919 2051 938 2090 s
951 2033 1011 2090 suis
1023 2053 1070 2089 coe
1095 2034 1162 2091 tur.
1313 2052 1318 2058 ·

319 2113 366 2167 11.
388 2108 463 2168 Ludi
476 2107 642 2168 saeculares.
669 2107 817 2167 Domitius
831 2109 912 2168 Nero
926 2109 1089 2168 destinatur
1102 2108 1141 2166 im
1164 2110 1234 2170 erio.
1262 2115 1307 2172 12.-

278 2185 450 2244 Messallina
460 2187 563 2246 Silium
574 2185 698 2263 deperit.
729 2191 774 2247 13.
789 2187 932 2246 Claudius
946 2187 1025 2246 aliud
1038 2187 1110 2266 agit.
1130 2130 1229 2266 ffeges
1238 2188 1306 2248 fert.

277 2265 376 2324 Novus
385 2263 548 2326 litterarum
559 2263 667 2323 formas
680 2265 793 2344 vulgat.
836 2271 881 2324 14.
903 2266 955 2327 De
968 2265 1132 2324 litterarum
1145 2266 1305 2327 inventori-

277 2343 342 2406 bus.
385 2347 431 2402 15.
451 2342 592 2404 Claudius
607 2343 790 2422 Haruspices
803 2346 910 2404 firmat.

323 2425 365 2481 16.
386 2420 507 2482 Italicus
516 2421 585 2481 Rex
598 2420 755 2481 Cheruscis
769 2423 938 2502 petentibus
951 2423 1054 2485 dstur:
1078 2427 1126 2489 17.
1139 2441 1210 2481 mox
1221 2422 1260 2481 de
1269 2441 1306 2485 eo

279 2498 427 2559 discordia
440 2499 537 2577 gentis
547 2510 578 2557 et
590 2500 711 2562 bellum.
754 2506 801 2561 18.
822 2502 1014 2561 Rebellantes
1022 2502 1161 2562 Chaucos
1176 2501 1306 2559 Corbulo

277 2578 418 2657 reprimit.
445 2578 476 2636 Is
485 2596 586 2637 severe
600 2578 661 2655 agit
670 2580 700 2637 in
712 2575 828 2639 milites.
841 2590 844 2594 ’
857 2584 903 2641 19.
918 2580 1025 2639 Frisios
1036 2580 1196 2659 componit.
1222 2579 1306 2637 Gan·

276 2675 398 2717 nuscum
412 2656 508 2717 caedit.
548 2660 596 2715 20.
617 2656 714 2716 Ardor
733 2661 798 2735 ejus
816 2657 972 2717 aClaudio
986 2677 1146 2737 repressus.
1186 2658 1306 2715 Fossam

276 2732 353 2795 inter
368 2734 486 2799 Mosam
506 2746 536 2793 et
549 2735 688 2795 Rhenum
701 2736 795 2794 ducit.
834 2736 965 2813 Insignis
983 2737 1123 2816 triumphi
1139 2735 1167 2795 ei
1181 2734 1306 2794 indulta.

276 2816 326 2873 21.
350 2812 399 2872 Sic
416 2825 446 2873 et
468 2813 571 2873 Curtio
592 2814 682 2872 Rufo.
726 2819 775 2873 22.
795 2814 908 2873 Nonius
930 2815 1017 2895 perit.
1062 2816 1112 2873 De
1131 2813 1305 2893 spectaculo

239 2908 242 2915 ·
278 2890 473 2967 gladiatorum
487 2904 519 2950 et
532 2892 743 2956 Quaestoribus.

314 2972 364 3030 23.
385 2970 465 3029 Galli
483 2970 632 3029 civitatem
651 2970 769 3047 plenam
788 2971 941 3031 adfectant
953 2981 994 3042 et,
1033 2974 1083 3030 tt.
1102 2970 1239 3049 Principe
1253 2988 1305 3060 pa·

242 3056 244 3061 ’
277 3050 455 3120 trutinante,
490 3054 539 3109 25.
557 3048 724 3125 impetrant,
744 3060 776 3109 et
794 3050 888 3128 primo
906 3049 1026 3127 quidem
1047 3048 1145 3107 AEdui.
1185 3046 1305 3109 Patricii

276 3126 414 3204 suppleti.
454 3126 594 3185 Lustrum
608 3127 771 3185 conditum.

316 3209 366 3265 26.
386 3204 565 3274 Messallina,
586 3222 686 3263 amore
705 3224 820 3274 vecors,
847 3207 896 3269 27.
915 3202 987 3264 Silio
1006 3205 1104 3283 palam
1123 3205 1217 3265 nubit.
1256 3208 1305 3266 28.

278 3282 447 3347 Turbantur
460 3282 557 3346 aulici.
597 3286 647 3343 29.
663 3288 711 3343 30.
732 3283 888 3342 Narcissus
903 3302 957 3361 per
973 3282 1097 3361 'pellices
1116 3304 1179 3343 rem
1199 3284 1305 3345 defert.

277 3364 327 3421 31.
348 3360 489 3423 Claudius
501 3359 639 3438 trepidat.
679 3361 1043 3430 Messallinobacchrtur3
1067 3366 1116 3421 32.
1132 3380 1237 3441 preces
1251 3382 1303 3441 per

277 3439 427 3503 Vestalem
449 3449 543 3517 purat.
582 3443 632 3499 33.
652 3438 808 3499 Narcissus
829 3439 998 3517 Principem
1019 3450 1172 3499 nutantem
1190 3440 1303 3510 incitat,

279 3524 329 3579 tt.
350 3536 454 3595 preces
468 3516 614 3587 amolitur,
638 3522 744 3580 3536.
762 3518 901 3587 sontium,
915 3516 946 3574 in
958 3517 1179 3592 hisMnesteris‚
1193 3518 1305 3597 suppli·

277 3597 356 3657 cium
374 3606 472 3673 urget.
517 3598 566 3657 37.
587 3598 635 3656 38.
655 3597 868 3665 Messallinum‚
887 3596 1047 3673 languente
1065 3596 1212 3677 Principe,
1235 3596 1304 3655 dein

275 3676 391 3757 ignaro,
406 3673 479 3732 coedi
493 3684 587 3733 curat.
627 3675 704 3733 Haec
714 3686 800 3753 gestu
813 3674 895 3735 annis
909 3674 972 3733 fere
985 3674 1100 3735 duobos

354 3798 381 3835 c.
394 3794 525 3835 vsnnuto
539 3796 689 3845 muruco,
710 3798 743 3836 u.
756 3797 890 3838 vitrum
903 3796 1073 3849 assuunt,
1090 3798 1173 3839 coss.

354 3878 381 3913 n.
396 3875 550 3927 virutum,
573 3877 599 3913 t·
613 3876 772 3929 vrrsrsuo,
788 3877 870 3917 coss.

269 4046 345 4093 Hm
361 4044 448 4093 libum
466 4042 581 4105 ἀκέφαλον
595 4059 642 4091 osse
658 4058 688 4091 ne
702 4058 754 4092 mo-
785 4046 850 4093 texui
864 4045 979 4093 Cunnum
986 4040 1304 4106 transmarinarum-

236 4107 489 4173 rsriquidsmnoocsse
496 4115 537 4155 est.
563 4106 753 4171 Detrimentum,
785 4108 819 4156 sii
833 4109 972 4159 Corneliano
987 4109 1095 4172 exemplo
1107 4109 1213 4171 soloque.
1245 4102 1303 4155 Dis·

237 4190 252 4221 ι
267 4172 314 4224 fine
333 4172 392 4221 linit
408 4174 432 4221 6.
453 4170 576 4231 rdhujus
593 4170 695 4233 initium,
718 4186 754 4247 res
785 4173 972 4250 mlipcutrprepi
987 4174 1072 4247 ederet·
1086 4182 1166 4236 poster
1180 4170 1303 4247 inmigrp·

238 4235 646 4373 iii’cmcniitffimpriffffln
658 4236 754 4349 insili:
786 4237 899 4351 &nibil
907 4233 1306 4364 ffilriiiiffliffi

237 4378 302 4423 sum,
314 4362 690 4439 etGlrudinriiurperri'primores
700 4367 757 4415 suni
789 4380 848 4417 cum.
882 4366 958 4416 Inus.
1019 4390 1023 4398 ·
1303 4383 1306 4387 ·

238 4428 426 4492 tex-perierunt.
461 4428 529 4480 ono
551 4426 683 4483 dolatum
700 4442 756 4479 con-

533 4524 848 4635 intulisse
1067 4486 1145 4569 ‘³2
