<?xml version="1.0" encoding="UTF-8"?>
<!DOCTYPE html PUBLIC "-//W3C//DTD XHTML 1.0 Transitional//EN"
    "http://www.w3.org/TR/xhtml1/DTD/xhtml1-transitional.dtd">
<html xmlns="http://www.w3.org/1999/xhtml" xml:lang="en" lang="en">
 <head>
  <title>
</title>
<meta http-equiv="Content-Type" content="text/html;charset=utf-8" />
  <meta name='ocr-system' content='tesseract 3.04.00' />
  <meta name='ocr-capabilities' content='ocr_page ocr_carea ocr_par ocr_line ocrx_word'/>
</head>
<body>
  <div class='ocr_page' id='page_1' title='image "./ccorneliitaciti01grongoog/ccorneliitaciti01grongoog_0010.png"; bbox 0 0 3042 4950; ppageno 0'>
   <div class='ocr_carea' id='block_1_1' title="bbox 195 240 1274 366">
    <p class='ocr_par' dir='ltr' id='par_1_1' title="bbox 195 203 1274 366">
     <span class='ocr_line' id='line_1_1' title="bbox 195 240 1274 366; baseline -0.004 -49"><span class='ocrx_word' id='word_1_1' title='bbox 195 259 251 352; x_wconf 42' lang='grc' dir='ltr'><strong>4.·Ξ·ι</strong></span> <span class='ocrx_word' id='word_1_2' title='bbox 357 251 395 366; x_wconf 52' lang='lat' dir='ltr'><strong>ii:</strong></span> <span class='ocrx_word' id='word_1_3' title='bbox 406 249 519 362; x_wconf 44' lang='grc' dir='ltr'><strong>,ζ’ζ.”,;</strong></span> <span class='ocrx_word' id='word_1_4' title='bbox 593 240 843 335; x_wconf 71' lang='lat' dir='ltr'><strong>:nuNALIUM</strong></span> <span class='ocrx_word' id='word_1_5' title='bbox 1098 257 1146 329; x_wconf 81' lang='lat' dir='ltr'><strong>[A.</strong></span> <span class='ocrx_word' id='word_1_6' title='bbox 1158 275 1188 314; x_wconf 86' lang='lat' dir='ltr'><strong>u.</strong></span> <span class='ocrx_word' id='word_1_7' title='bbox 1202 255 1274 313; x_wconf 81' lang='lat'><strong>800.</strong></span> 
     </span>
    </p>
   </div>
   <div class='ocr_carea' id='block_1_2' title="bbox 438 445 927 526">
    <p class='ocr_par' dir='ltr' id='par_1_2' title="bbox 438 445 927 526">
     <span class='ocr_line' id='line_1_2' title="bbox 438 445 927 526; baseline 0.01 -28"><span class='ocrx_word' id='word_1_8' title='bbox 438 490 441 498; x_wconf 92' lang='lat'><strong>.</strong></span> <span class='ocrx_word' id='word_1_9' title='bbox 509 519 511 526; x_wconf 39' lang='lat'><strong>.</strong></span> <span class='ocrx_word' id='word_1_10' title='bbox 548 445 638 506; x_wconf 73' lang='lat' dir='ltr'><strong>nu.</strong></span> <span class='ocrx_word' id='word_1_11' title='bbox 660 449 728 507; x_wconf 88' lang='lat' dir='ltr'><strong>soc.</strong></span> <span class='ocrx_word' id='word_1_12' title='bbox 772 446 860 507; x_wconf 83' lang='lat' dir='ltr'><strong>A.c.</strong></span> <span class='ocrx_word' id='word_1_13' title='bbox 879 445 927 507; x_wconf 72' lang='lat'><strong>47.</strong></span> 
     </span>
    </p>
   </div>
   <div class='ocr_carea' id='block_1_3' title="bbox 206 543 1275 1058">
    <p class='ocr_par' dir='ltr' id='par_1_3' title="bbox 206 543 1275 1058">
     <span class='ocr_line' id='line_1_3' title="bbox 250 543 1273 631; baseline -0.002 -21"><span class='ocrx_word' id='word_1_14' title='bbox 250 547 277 610; x_wconf 92' lang='grc' dir='ltr'><strong>Ι.</strong></span> <span class='ocrx_word' id='word_1_15' title='bbox 301 544 386 610; x_wconf 79' lang='lat' dir='ltr'><strong>Nau</strong></span> <span class='ocrx_word' id='word_1_16' title='bbox 406 543 571 612; x_wconf 87' lang='lat' dir='ltr'><strong>Valerium</strong></span> <span class='ocrx_word' id='word_1_17' title='bbox 586 547 772 624; x_wconf 82' lang='lat' dir='ltr'><strong>Asiaticum,</strong></span> <span class='ocrx_word' id='word_1_18' title='bbox 789 547 838 611; x_wconf 90' lang='lat' dir='ltr'><strong>bis</strong></span> <span class='ocrx_word' id='word_1_19' title='bbox 860 543 1041 624; x_wconf 88' lang='lat' dir='ltr'><strong>Consulem,</strong></span> <span class='ocrx_word' id='word_1_20' title='bbox 1060 543 1156 610; x_wconf 84' lang='lat' dir='ltr'><strong>fuisse</strong></span> <span class='ocrx_word' id='word_1_21' title='bbox 1174 568 1273 631; x_wconf 92' lang='lat' dir='ltr'><strong>quon-</strong></span> 
     </span>
     <span class='ocr_line' id='line_1_4' title="bbox 206 629 1274 719; baseline -0.002 -24"><span class='ocrx_word' id='word_1_22' title='bbox 206 632 279 696; x_wconf 83' lang='lat' dir='ltr'><strong>dam</strong></span> <span class='ocrx_word' id='word_1_23' title='bbox 290 629 466 710; x_wconf 78' lang='lat' dir='ltr'><strong>adulterum</strong></span> <span class='ocrx_word' id='word_1_24' title='bbox 478 631 559 718; x_wconf 87' lang='lat' dir='ltr'><strong>ejus,</strong></span> <span class='ocrx_word' id='word_1_25' title='bbox 571 631 722 696; x_wconf 87' lang='lat' dir='ltr'><strong>credidit:</strong></span> <span class='ocrx_word' id='word_1_26' title='bbox 746 631 861 719; x_wconf 82' lang='lat' dir='ltr'><strong>pariter</strong></span> <span class='ocrx_word' id='word_1_27' title='bbox 883 654 923 694; x_wconf 93' lang='lat' dir='ltr'><strong>ue</strong></span> <span class='ocrx_word' id='word_1_28' title='bbox 936 629 1035 694; x_wconf 87' lang='lat' dir='ltr'><strong>hortis</strong></span> <span class='ocrx_word' id='word_1_29' title='bbox 1048 629 1180 708; x_wconf 82' lang='lat' dir='ltr'><strong>inhians,</strong></span> <span class='ocrx_word' id='word_1_30' title='bbox 1194 653 1274 715; x_wconf 91' lang='lat' dir='ltr'><strong>quos</strong></span> 
     </span>
     <span class='ocr_line' id='line_1_5' title="bbox 206 655 1274 804; baseline -0.003 -24"><span class='ocrx_word' id='word_1_31' title='bbox 206 717 269 796; x_wconf 89' lang='lat' dir='ltr'><strong>ille,</strong></span> <span class='ocrx_word' id='word_1_32' title='bbox 291 740 310 780; x_wconf 86' lang='lat' dir='ltr'><strong>a</strong></span> <span class='ocrx_word' id='word_1_33' title='bbox 330 713 464 780; x_wconf 88' lang='lat' dir='ltr'><strong>Lucullo</strong></span> <span class='ocrx_word' id='word_1_34' title='bbox 478 732 606 804; x_wconf 65' lang='lat' dir='ltr'><strong>coeptos</strong></span> <span class='ocrx_word' id='word_1_35' title='bbox 626 717 740 804; x_wconf 85' lang='lat' dir='ltr'><strong>insigni</strong></span> <span class='ocrx_word' id='word_1_36' title='bbox 760 655 987 803; x_wconf 71' lang='lat' dir='ltr'><strong>magniicentia</strong></span> <span class='ocrx_word' id='word_1_37' title='bbox 1001 714 1179 793; x_wconf 82' lang='lat' dir='ltr'><strong>extollebat,</strong></span> <span class='ocrx_word' id='word_1_38' title='bbox 1203 713 1274 778; x_wconf 89' lang='lat' dir='ltr'><strong>Sui-</strong></span> 
     </span>
     <span class='ocr_line' id='line_1_6' title="bbox 207 799 1275 898; baseline -0.002 -34"><span class='ocrx_word' id='word_1_39' title='bbox 207 801 285 865; x_wconf 86' lang='lat' dir='ltr'><strong>lium</strong></span> <span class='ocrx_word' id='word_1_40' title='bbox 299 800 477 865; x_wconf 78' lang='lat' dir='ltr'><strong>accusandis</strong></span> <span class='ocrx_word' id='word_1_41' title='bbox 490 803 631 898; x_wconf 82' lang='lat' dir='ltr'><strong>utrisque</strong></span> <span class='ocrx_word' id='word_1_42' title='bbox 645 801 784 866; x_wconf 88' lang='lat' dir='ltr'><strong>inmittit.</strong></span> <span class='ocrx_word' id='word_1_43' title='bbox 820 801 1020 886; x_wconf 84' lang='lat' dir='ltr'><strong>Ad&#39;ungitur</strong></span> <span class='ocrx_word' id='word_1_44' title='bbox 1038 800 1187 878; x_wconf 84' lang='lat' dir='ltr'><strong>Sosibius,</strong></span> <span class='ocrx_word' id='word_1_45' title='bbox 1204 799 1275 864; x_wconf 84' lang='lat' dir='ltr'><strong>Bri-</strong></span> 
     </span>
     <span class='ocr_line' id='line_1_7' title="bbox 209 885 1272 973; baseline -0.003 -23"><span class='ocrx_word' id='word_1_46' title='bbox 209 887 324 968; x_wconf 83' lang='lat' dir='ltr'><strong>tennici</strong></span> <span class='ocrx_word' id='word_1_47' title='bbox 352 885 509 964; x_wconf 86' lang='lat' dir='ltr'><strong>educator,</strong></span> <span class='ocrx_word' id='word_1_48' title='bbox 540 909 606 972; x_wconf 78' lang='lat' dir='ltr'><strong>qui,</strong></span> <span class='ocrx_word' id='word_1_49' title='bbox 635 910 691 973; x_wconf 86' lang='lat' dir='ltr'><strong>per</strong></span> <span class='ocrx_word' id='word_1_50' title='bbox 716 885 848 972; x_wconf 83' lang='lat' dir='ltr'><strong>speciem</strong></span> <span class='ocrx_word' id='word_1_51' title='bbox 913 885 1106 963; x_wconf 87' lang='lat' dir='ltr'><strong>nevolentiae,</strong></span> <span class='ocrx_word' id='word_1_52' title='bbox 1134 897 1272 948; x_wconf 87' lang='lat' dir='ltr'><strong>moneret</strong></span> 
     </span>
     <span class='ocr_line' id='line_1_8' title="bbox 211 965 1272 1058; baseline -0.003 -23"><span class='ocrx_word' id='word_1_53' title='bbox 211 970 389 1048; x_wconf 85' lang='lat' dir='ltr'><strong>Claudium,</strong></span> <span class='ocrx_word' id='word_1_54' title='bbox 421 977 568 1035; x_wconf 83' lang='lat' dir='ltr'><strong>“cavere</strong></span> <span class='ocrx_word' id='word_1_55' title='bbox 589 970 653 1036; x_wconf 87' lang='lat' dir='ltr'><strong>vim</strong></span> <span class='ocrx_word' id='word_1_56' title='bbox 680 965 774 1056; x_wconf 79' lang='lat' dir='ltr'><strong>ahque</strong></span> <span class='ocrx_word' id='word_1_57' title='bbox 797 994 872 1058; x_wconf 87' lang='lat' dir='ltr'><strong>opes</strong></span> <span class='ocrx_word' id='word_1_58' title='bbox 895 970 1094 1056; x_wconf 89' lang='lat' dir='ltr'><strong>Principibus</strong></span> <span class='ocrx_word' id='word_1_59' title='bbox 1120 969 1272 1034; x_wconf 69' lang='lat' dir='ltr'><strong>infensae:</strong></span> 
     </span>
    </p>
   </div>
   <div class='ocr_carea' id='block_1_4' title="bbox 211 1149 1347 4477">
    <p class='ocr_par' dir='ltr' id='par_1_4' title="bbox 211 1149 1347 4477">
     <span class='ocr_line' id='line_1_9' title="bbox 243 1149 1278 1224; baseline -0.003 -19"><span class='ocrx_word' id='word_1_60' title='bbox 243 1149 727 1224; x_wconf 65' lang='lat' dir='ltr'><strong>AdulterumeJu31Poppaeae‚utsppa·</strong></span> <span class='ocrx_word' id='word_1_61' title='bbox 760 1159 837 1218; x_wconf 76' lang='grc' dir='ltr'>οοονὶ,</span> <span class='ocrx_word' id='word_1_62' title='bbox 862 1157 968 1205; x_wconf 84' lang='lat' dir='ltr'><strong>elittera</strong></span> <span class='ocrx_word' id='word_1_63' title='bbox 995 1155 1100 1218; x_wconf 85' lang='lat' dir='ltr'><strong>superius</strong></span> <span class='ocrx_word' id='word_1_64' title='bbox 1119 1155 1225 1217; x_wconf 75' lang='lat' dir='ltr'><strong>adpicta:</strong></span> <span class='ocrx_word' id='word_1_65' title='bbox 1254 1162 1278 1202; x_wconf 85' lang='lat' dir='ltr'><strong>ct</strong></span> 
     </span>
     <span class='ocr_line' id='line_1_10' title="bbox 213 1219 1278 1285; baseline -0.001 -16"><span class='ocrx_word' id='word_1_66' title='bbox 213 1231 255 1270; x_wconf 88' lang='lat' dir='ltr'><strong>ret.</strong></span> <span class='ocrx_word' id='word_1_67' title='bbox 273 1223 349 1270; x_wconf 67' lang='lat' dir='ltr'><strong>lates.</strong></span> <span class='ocrx_word' id='word_1_68' title='bbox 758 1222 854 1270; x_wconf 84' lang='lat' dir='ltr'><strong>historia</strong></span> <span class='ocrx_word' id='word_1_69' title='bbox 868 1222 926 1285; x_wconf 86' lang='lat' dir='ltr'><strong>ipsa,</strong></span> <span class='ocrx_word' id='word_1_70' title='bbox 938 1221 1048 1284; x_wconf 86' lang='lat' dir='ltr'><strong>quoniam</strong></span> <span class='ocrx_word' id='word_1_71' title='bbox 1061 1220 1113 1268; x_wconf 83' lang='lat' dir='ltr'><strong>euri</strong></span> <span class='ocrx_word' id='word_1_72' title='bbox 1125 1220 1160 1267; x_wconf 81' lang='lat' dir='ltr'><strong>vis</strong></span> <span class='ocrx_word' id='word_1_73' title='bbox 1172 1219 1278 1268; x_wconf 81' lang='lat' dir='ltr'><strong>Asiatico</strong></span> 
     </span>
     <span class='ocr_line' id='line_1_11' title="bbox 244 1282 1278 1348; baseline -0.007 -14"><span class='ocrx_word' id='word_1_74' title='bbox 244 1283 363 1348; x_wconf 74' lang='lat' dir='ltr'><strong>Credidit]</strong></span> <span class='ocrx_word' id='word_1_75' title='bbox 381 1283 518 1333; x_wconf 84' lang='lat' dir='ltr'><strong>Messallina</strong></span> <span class='ocrx_word' id='word_1_76' title='bbox 529 1285 620 1334; x_wconf 79' lang='lat' dir='ltr'><strong>scilicet.</strong></span> <span class='ocrx_word' id='word_1_77' title='bbox 759 1303 839 1335; x_wconf 82' lang='lat' dir='ltr'><strong>caussa</strong></span> <span class='ocrx_word' id='word_1_78' title='bbox 849 1286 918 1334; x_wconf 87' lang='lat' dir='ltr'><strong>necis.</strong></span> <span class='ocrx_word' id='word_1_79' title='bbox 949 1285 1047 1343; x_wconf 75' lang='lat' dir='ltr'><strong>moso,</strong></span> <span class='ocrx_word' id='word_1_80' title='bbox 1058 1285 1098 1339; x_wconf 87' lang='grc'><strong>27.</strong></span> <span class='ocrx_word' id='word_1_81' title='bbox 1130 1282 1184 1330; x_wconf 65' lang='lat'><strong>&#39;08</strong></span> <span class='ocrx_word' id='word_1_82' title='bbox 1200 1284 1278 1328; x_wconf 79' lang='grc' dir='ltr'><strong><em>Ἀσια-</em></strong></span> 
     </span>
     <span class='ocr_line' id='line_1_12' title="bbox 245 1348 1278 1413; baseline -0.006 -16"><span class='ocrx_word' id='word_1_83' title='bbox 245 1353 268 1397; x_wconf 87' lang='grc' dir='ltr'><em>Α</em></span> <span class='ocrx_word' id='word_1_84' title='bbox 282 1349 489 1413; x_wconf 78' lang='lat' dir='ltr'><strong>Lrtcullocreptor]</strong></span> <span class='ocrx_word' id='word_1_85' title='bbox 506 1349 725 1398; x_wconf 70' lang='lat' dir='ltr'><strong>nibtivettanu·</strong></span> <span class='ocrx_word' id='word_1_86' title='bbox 759 1350 821 1404; x_wconf 77' lang='grc' dir='ltr'><em>τικδς</em></span> <span class='ocrx_word' id='word_1_87' title='bbox 842 1352 913 1411; x_wconf 71' lang='grc' dir='ltr'><strong><em>ἀφῆκε</em></strong></span> <span class='ocrx_word' id='word_1_88' title='bbox 940 1351 978 1403; x_wconf 73' lang='grc' dir='ltr'><strong>τὴν</strong></span> <span class='ocrx_word' id='word_1_89' title='bbox 1007 1350 1074 1412; x_wconf 76' lang='grc' dir='ltr'>ἀρχὴν</span> <span class='ocrx_word' id='word_1_90' title='bbox 1095 1348 1131 1397; x_wconf 75' lang='grc' dir='ltr'><strong>ὑπ’</strong></span> <span class='ocrx_word' id='word_1_91' title='bbox 1153 1349 1218 1392; x_wconf 75' lang='grc' dir='ltr'>αὑτοῦ</span> <span class='ocrx_word' id='word_1_92' title='bbox 1239 1349 1278 1392; x_wconf 77' lang='grc' dir='ltr'><strong>τοῦ</strong></span> 
     </span>
     <span class='ocr_line' id='line_1_13' title="bbox 213 1409 1278 1476; baseline -0.006 -15"><span class='ocrx_word' id='word_1_93' title='bbox 213 1415 272 1461; x_wconf 74' lang='lat' dir='ltr'><strong>ruth</strong></span> <span class='ocrx_word' id='word_1_94' title='bbox 295 1419 399 1474; x_wconf 73' lang='lat' dir='ltr'><strong>emptos:</strong></span> <span class='ocrx_word' id='word_1_95' title='bbox 428 1412 498 1460; x_wconf 78' lang='lat' dir='ltr'><strong>iidem</strong></span> <span class='ocrx_word' id='word_1_96' title='bbox 519 1415 647 1473; x_wconf 71' lang='lat' dir='ltr'><strong>extollebat,</strong></span> <span class='ocrx_word' id='word_1_97' title='bbox 670 1429 725 1476; x_wconf 83' lang='lat' dir='ltr'><strong>non,</strong></span> <span class='ocrx_word' id='word_1_98' title='bbox 759 1415 861 1473; x_wconf 74' lang='grc' dir='ltr'>πλούτου,</span> <span class='ocrx_word' id='word_1_99' title='bbox 879 1413 917 1474; x_wconf 75' lang='grc' dir='ltr'><strong>ὑφ’</strong></span> <span class='ocrx_word' id='word_1_100' title='bbox 936 1411 1001 1474; x_wconf 71' lang='grc' dir='ltr'>οὗπερ</span> <span class='ocrx_word' id='word_1_101' title='bbox 1022 1411 1059 1457; x_wconf 77' lang='lat' dir='ltr'><strong>aei</strong></span> <span class='ocrx_word' id='word_1_102' title='bbox 1075 1411 1189 1458; x_wconf 64' lang='lat' dir='ltr'><strong>extumo.</strong></span> <span class='ocrx_word' id='word_1_103' title='bbox 1207 1418 1238 1470; x_wconf 79' lang='lat' dir='ltr'><strong>et,</strong></span> <span class='ocrx_word' id='word_1_104' title='bbox 1258 1409 1278 1456; x_wconf 77' lang='lat' dir='ltr'><strong>si</strong></span> 
     </span>
     <span class='ocr_line' id='line_1_14' title="bbox 214 1472 1279 1540; baseline -0.002 -16"><span class='ocrx_word' id='word_1_105' title='bbox 214 1477 277 1540; x_wconf 87' lang='lat' dir='ltr'><strong>quod</strong></span> <span class='ocrx_word' id='word_1_106' title='bbox 293 1477 407 1524; x_wconf 85' lang='lat' dir='ltr'><strong>Rheneno</strong></span> <span class='ocrx_word' id='word_1_107' title='bbox 423 1491 552 1538; x_wconf 84' lang='lat' dir='ltr'><strong>supponere</strong></span> <span class='ocrx_word' id='word_1_108' title='bbox 562 1478 648 1536; x_wconf 87' lang='lat' dir='ltr'><strong>visum,</strong></span> <span class='ocrx_word' id='word_1_109' title='bbox 662 1493 729 1525; x_wconf 85' lang='lat' dir='ltr'><strong>errro-</strong></span> <span class='ocrx_word' id='word_1_110' title='bbox 761 1477 836 1526; x_wconf 88' lang='lat' dir='ltr'><strong>otium</strong></span> <span class='ocrx_word' id='word_1_111' title='bbox 853 1485 896 1534; x_wconf 83' lang='lat' dir='ltr'><strong>est,</strong></span> <span class='ocrx_word' id='word_1_112' title='bbox 914 1476 974 1524; x_wconf 83' lang='lat' dir='ltr'><strong>adde</strong></span> <span class='ocrx_word' id='word_1_113' title='bbox 990 1475 1087 1538; x_wconf 88' lang='lat' dir='ltr'><strong>reliqua,</strong></span> <span class='ocrx_word' id='word_1_114' title='bbox 1104 1489 1159 1522; x_wconf 88' lang='lat' dir='ltr'><strong>cum</strong></span> <span class='ocrx_word' id='word_1_115' title='bbox 1179 1472 1208 1521; x_wconf 85' lang='lat' dir='ltr'><strong>iis</strong></span> <span class='ocrx_word' id='word_1_116' title='bbox 1242 1489 1279 1520; x_wconf 80' lang='lat' dir='ltr'><strong>ue·</strong></span> 
     </span>
     <span class='ocr_line' id='line_1_15' title="bbox 212 1539 1280 1604; baseline -0.005 -16"><span class='ocrx_word' id='word_1_117' title='bbox 212 1543 277 1588; x_wconf 80' lang='lat' dir='ltr'><strong>ledat.</strong></span> <span class='ocrx_word' id='word_1_118' title='bbox 310 1539 443 1588; x_wconf 77' lang='lat' dir='ltr'><strong>nueuuani</strong></span> <span class='ocrx_word' id='word_1_119' title='bbox 453 1541 514 1588; x_wconf 88' lang='lat' dir='ltr'><strong>horti</strong></span> <span class='ocrx_word' id='word_1_120' title='bbox 524 1540 584 1589; x_wconf 85' lang='lat' dir='ltr'><strong>infra</strong></span> <span class='ocrx_word' id='word_1_121' title='bbox 592 1542 676 1604; x_wconf 78' lang='lat' dir='ltr'><strong>sapius</strong></span> <span class='ocrx_word' id='word_1_122' title='bbox 686 1557 729 1590; x_wconf 90' lang='lat' dir='ltr'><strong>nc-</strong></span> <span class='ocrx_word' id='word_1_123' title='bbox 762 1541 826 1604; x_wconf 86' lang='lat' dir='ltr'><strong>apud</strong></span> <span class='ocrx_word' id='word_1_124' title='bbox 845 1543 960 1590; x_wconf 87' lang='lat' dir='ltr'><strong>Zonaram</strong></span> <span class='ocrx_word' id='word_1_125' title='bbox 973 1541 1012 1600; x_wconf 93' lang='lat' dir='ltr'><strong>ll,</strong></span> <span class='ocrx_word' id='word_1_126' title='bbox 1025 1542 1049 1588; x_wconf 85' lang='lat'><strong>9.</strong></span> <span class='ocrx_word' id='word_1_127' title='bbox 1067 1546 1180 1600; x_wconf 82' lang='lat' dir='ltr'><strong>excerpta.</strong></span> <span class='ocrx_word' id='word_1_128' title='bbox 1239 1539 1280 1584; x_wconf 75' lang='lat' dir='ltr'><strong>uri</strong></span> 
     </span>
     <span class='ocr_line' id='line_1_16' title="bbox 213 1603 1347 1670; baseline -0.003 -19"><span class='ocrx_word' id='word_1_129' title='bbox 213 1605 311 1660; x_wconf 79' lang='lat' dir='ltr'><strong>minati3</strong></span> <span class='ocrx_word' id='word_1_130' title='bbox 338 1612 360 1650; x_wconf 87' lang='lat' dir='ltr'><strong>et</strong></span> <span class='ocrx_word' id='word_1_131' title='bbox 383 1603 408 1650; x_wconf 91' lang='lat' dir='ltr'><strong>in</strong></span> <span class='ocrx_word' id='word_1_132' title='bbox 431 1603 546 1668; x_wconf 86' lang='lat' dir='ltr'><strong>Principis</strong></span> <span class='ocrx_word' id='word_1_133' title='bbox 566 1622 602 1654; x_wconf 87' lang='lat' dir='ltr'><strong>res</strong></span> <span class='ocrx_word' id='word_1_134' title='bbox 621 1620 729 1669; x_wconf 87' lang='lat' dir='ltr'><strong>pervene-</strong></span> <span class='ocrx_word' id='word_1_135' title='bbox 762 1607 807 1663; x_wconf 80' lang='lat' dir='ltr'><strong>cir,</strong></span> <span class='ocrx_word' id='word_1_136' title='bbox 819 1606 908 1670; x_wconf 85' lang='lat' dir='ltr'><strong>optima</strong></span> <span class='ocrx_word' id='word_1_137' title='bbox 916 1603 994 1662; x_wconf 87' lang='lat' dir='ltr'><strong>dictio,</strong></span> <span class='ocrx_word' id='word_1_138' title='bbox 1005 1618 1077 1667; x_wconf 86' lang='lat' dir='ltr'><strong>quam</strong></span> <span class='ocrx_word' id='word_1_139' title='bbox 1088 1603 1172 1650; x_wconf 84' lang='lat' dir='ltr'><strong>iterum</strong></span> <span class='ocrx_word' id='word_1_140' title='bbox 1182 1608 1280 1664; x_wconf 76' lang='lat' dir='ltr'><strong>usurpat</strong></span> <span class='ocrx_word' id='word_1_141' title='bbox 1344 1611 1347 1619; x_wconf 72' lang='lat'><strong><em>¹</em></strong></span> 
     </span>
     <span class='ocr_line' id='line_1_17' title="bbox 213 1667 1281 1730; baseline -0.004 -14"><span class='ocrx_word' id='word_1_142' title='bbox 213 1678 276 1726; x_wconf 78' lang='lat' dir='ltr'><strong>runt,</strong></span> <span class='ocrx_word' id='word_1_143' title='bbox 288 1674 467 1730; x_wconf 85' lang='lat' dir='ltr'><strong>manseruntque</strong></span> <span class='ocrx_word' id='word_1_144' title='bbox 482 1668 613 1718; x_wconf 85' lang='lat' dir='ltr'><strong>adaetatem</strong></span> <span class='ocrx_word' id='word_1_145' title='bbox 625 1669 729 1730; x_wconf 80' lang='lat' dir='ltr'><strong>Trajani.</strong></span> <span class='ocrx_word' id='word_1_146' title='bbox 762 1678 839 1718; x_wconf 74' lang='lat' dir='ltr'><strong>noster</strong></span> <span class='ocrx_word' id='word_1_147' title='bbox 858 1669 936 1728; x_wconf 89' lang='grc'>16,1.</span> <span class='ocrx_word' id='word_1_148' title='bbox 970 1670 1072 1730; x_wconf 67' lang='lat' dir='ltr'><strong>Speciem</strong></span> <span class='ocrx_word' id='word_1_149' title='bbox 1088 1667 1213 1713; x_wconf 76' lang='lat' dir='ltr'><strong>altitudine</strong></span> <span class='ocrx_word' id='word_1_150' title='bbox 1234 1667 1281 1712; x_wconf 78' lang='lat' dir='ltr'><strong>im-</strong></span> 
     </span>
     <span class='ocr_line' id='line_1_18' title="bbox 213 1731 1281 1796; baseline -0.006 -16"><span class='ocrx_word' id='word_1_151' title='bbox 213 1733 286 1780; x_wconf 86' lang='lat' dir='ltr'><strong>Deiis</strong></span> <span class='ocrx_word' id='word_1_152' title='bbox 295 1731 560 1795; x_wconf 81' lang='lat' dir='ltr'><strong>quidemPlutinLu&#39;c.</strong></span> <span class='ocrx_word' id='word_1_153' title='bbox 568 1749 587 1782; x_wconf 91' lang='lat' dir='ltr'><strong>c.</strong></span> <span class='ocrx_word' id='word_1_154' title='bbox 595 1734 633 1781; x_wconf 84' lang='grc'><strong>81.</strong></span> <span class='ocrx_word' id='word_1_155' title='bbox 641 1749 664 1796; x_wconf 87' lang='lat' dir='ltr'><strong>p.</strong></span> <span class='ocrx_word' id='word_1_156' title='bbox 674 1733 729 1781; x_wconf 80' lang='lat'><strong>518.</strong></span> <span class='ocrx_word' id='word_1_157' title='bbox 761 1733 849 1794; x_wconf 73' lang='lat' dir='ltr'><strong>mma,</strong></span> <span class='ocrx_word' id='word_1_158' title='bbox 873 1748 918 1794; x_wconf 78' lang='lat' dir='ltr'><strong>quo</strong></span> <span class='ocrx_word' id='word_1_159' title='bbox 938 1747 1026 1793; x_wconf 77' lang='lat' dir='ltr'><strong>ntegro</strong></span> <span class='ocrx_word' id='word_1_160' title='bbox 1048 1732 1158 1777; x_wconf 75' lang='lat' dir='ltr'><strong>cisami</strong></span> <span class='ocrx_word' id='word_1_161' title='bbox 1179 1731 1281 1777; x_wconf 82' lang='lat' dir='ltr'><strong>contire-</strong></span> 
     </span>
     <span class='ocr_line' id='line_1_19' title="bbox 211 1793 1281 1860; baseline -0.003 -18"><span class='ocrx_word' id='word_1_162' title='bbox 211 1797 284 1846; x_wconf 83' lang='grc' dir='ltr'>Ὀπου</span> <span class='ocrx_word' id='word_1_163' title='bbox 298 1795 334 1842; x_wconf 73' lang='grc' dir='ltr'><strong>καὶ</strong></span> <span class='ocrx_word' id='word_1_164' title='bbox 349 1799 389 1854; x_wconf 80' lang='grc' dir='ltr'>νῦν,</span> <span class='ocrx_word' id='word_1_165' title='bbox 406 1795 499 1842; x_wconf 73' lang='grc' dir='ltr'><strong>ἐπίδοσιν</strong></span> <span class='ocrx_word' id='word_1_166' title='bbox 513 1799 666 1851; x_wconf 64' lang='lat' dir='ltr'><strong>reinduerit</strong></span> <span class='ocrx_word' id='word_1_167' title='bbox 680 1815 730 1860; x_wconf 78' lang='grc' dir='ltr'>τρο·-</span> <span class='ocrx_word' id='word_1_168' title='bbox 762 1804 837 1843; x_wconf 80' lang='lat' dir='ltr'><strong>retur.</strong></span> <span class='ocrx_word' id='word_1_169' title='bbox 871 1796 943 1855; x_wconf 87' lang='lat' dir='ltr'><strong>Quod</strong></span> <span class='ocrx_word' id='word_1_170' title='bbox 953 1796 1088 1843; x_wconf 80' lang='lat' dir='ltr'><strong>Vertranius</strong></span> <span class='ocrx_word' id='word_1_171' title='bbox 1098 1793 1281 1858; x_wconf 74' lang='lat' dir='ltr'><strong>interpunctione</strong></span> 
     </span>
     <span class='ocr_line' id='line_1_20' title="bbox 215 1857 1281 1982; baseline -0.005 -10"><span class='ocrx_word' id='word_1_172' title='bbox 215 1857 670 1976; x_wconf 62' lang='lat' dir='ltr'><strong>tutti-‚n”truduntur</strong></span> <span class='ocrx_word' id='word_1_173' title='bbox 684 1879 731 1981; x_wconf 71' lang='lat' dir='ltr'><strong>tt</strong></span> <span class='ocrx_word' id='word_1_174' title='bbox 760 1861 1134 1980; x_wconf 46' lang='lat' dir='ltr'><strong>siluerunt</strong></span> <span class='ocrx_word' id='word_1_175' title='bbox 1145 1858 1281 1982; x_wconf 61' lang='lat' dir='ltr'><strong>eust</strong></span> 
     </span>
     <span class='ocr_line' id='line_1_21' title="bbox 215 1984 1282 2048; baseline 0.002 -19"><span class='ocrx_word' id='word_1_176' title='bbox 215 1987 326 2040; x_wconf 65' lang='grc' dir='ltr'><strong>θμοῦνται.</strong></span> <span class='ocrx_word' id='word_1_177' title='bbox 348 1986 425 2033; x_wconf 70' lang='lat' dir='ltr'><strong>Lus.</strong></span> <span class='ocrx_word' id='word_1_178' title='bbox 459 1985 510 2032; x_wconf 90' lang='lat' dir='ltr'><strong>Alii</strong></span> <span class='ocrx_word' id='word_1_179' title='bbox 531 1993 609 2032; x_wconf 89' lang='lat' dir='ltr'><strong>temen</strong></span> <span class='ocrx_word' id='word_1_180' title='bbox 628 1984 694 2032; x_wconf 85' lang='lat' dir='ltr'><strong>codd.</strong></span> <span class='ocrx_word' id='word_1_181' title='bbox 717 1998 731 2030; x_wconf 84' lang='lat' dir='ltr'><strong>a</strong></span> <span class='ocrx_word' id='word_1_182' title='bbox 764 2000 835 2046; x_wconf 73' lang='lat' dir='ltr'><strong>oper,</strong></span> <span class='ocrx_word' id='word_1_183' title='bbox 862 1987 928 2048; x_wconf 82' lang='lat' dir='ltr'><strong>qussi</strong></span> <span class='ocrx_word' id='word_1_184' title='bbox 950 1986 1053 2033; x_wconf 85' lang='lat' dir='ltr'><strong>Sosibius</strong></span> <span class='ocrx_word' id='word_1_185' title='bbox 1078 1985 1209 2032; x_wconf 88' lang='lat' dir='ltr'><strong>Asiaticum</strong></span> <span class='ocrx_word' id='word_1_186' title='bbox 1230 1999 1282 2031; x_wconf 92' lang='lat' dir='ltr'><strong>mo-</strong></span> 
     </span>
     <span class='ocr_line' id='line_1_22' title="bbox 215 2046 1282 2110; baseline 0 -15"><span class='ocrx_word' id='word_1_187' title='bbox 215 2048 347 2108; x_wconf 79' lang='lat' dir='ltr'><strong>Pitheneet</strong></span> <span class='ocrx_word' id='word_1_188' title='bbox 355 2049 448 2096; x_wconf 86' lang='lat' dir='ltr'><strong>Schotto</strong></span> <span class='ocrx_word' id='word_1_189' title='bbox 456 2047 552 2108; x_wconf 85' lang='lat' dir='ltr'><strong>inspecti</strong></span> <span class='ocrx_word' id='word_1_190' title='bbox 558 2054 656 2108; x_wconf 78' lang='lat' dir='ltr'><strong>coeptorr</strong></span> <span class='ocrx_word' id='word_1_191' title='bbox 668 2046 732 2108; x_wconf 92' lang='lat' dir='ltr'><strong>quod</strong></span> <span class='ocrx_word' id='word_1_192' title='bbox 764 2049 857 2103; x_wconf 80' lang='lat' dir='ltr'><strong>unisset,</strong></span> <span class='ocrx_word' id='word_1_193' title='bbox 875 2062 923 2095; x_wconf 91' lang='lat' dir='ltr'><strong>non</strong></span> <span class='ocrx_word' id='word_1_194' title='bbox 933 2048 1073 2094; x_wconf 84' lang='lat' dir='ltr'><strong>Claudium:</strong></span> <span class='ocrx_word' id='word_1_195' title='bbox 1091 2049 1150 2094; x_wconf 83' lang='lat' dir='ltr'><strong>clare</strong></span> <span class='ocrx_word' id='word_1_196' title='bbox 1165 2050 1282 2110; x_wconf 81' lang='lat' dir='ltr'><strong>sequentia</strong></span> 
     </span>
     <span class='ocr_line' id='line_1_23' title="bbox 215 2108 1281 2174; baseline 0 -15"><span class='ocrx_word' id='word_1_197' title='bbox 215 2108 296 2159; x_wconf 70' lang='lat' dir='ltr'><strong>uerum</strong></span> <span class='ocrx_word' id='word_1_198' title='bbox 317 2120 358 2158; x_wconf 78' lang='lat' dir='ltr'><strong>ast.</strong></span> <span class='ocrx_word' id='word_1_199' title='bbox 397 2112 478 2174; x_wconf 82' lang='lat' dir='ltr'><strong>Atque</strong></span> <span class='ocrx_word' id='word_1_200' title='bbox 496 2109 540 2157; x_wconf 90' lang='lat' dir='ltr'><strong>hoc</strong></span> <span class='ocrx_word' id='word_1_201' title='bbox 561 2117 594 2157; x_wconf 89' lang='lat' dir='ltr'><strong>est</strong></span> <span class='ocrx_word' id='word_1_202' title='bbox 616 2109 685 2157; x_wconf 81' lang='lat' dir='ltr'><strong>etiem</strong></span> <span class='ocrx_word' id='word_1_203' title='bbox 706 2109 732 2156; x_wconf 91' lang='lat' dir='ltr'><strong>in</strong></span> <span class='ocrx_word' id='word_1_204' title='bbox 764 2111 938 2174; x_wconf 70' lang='lat' dir='ltr'><strong>adspernantur.</strong></span> <span class='ocrx_word' id='word_1_205' title='bbox 976 2110 1092 2173; x_wconf 84' lang='lat' dir='ltr'><strong>Denique,</strong></span> <span class='ocrx_word' id='word_1_206' title='bbox 1111 2109 1169 2172; x_wconf 87' lang='lat' dir='ltr'><strong>q&#39;uid</strong></span> <span class='ocrx_word' id='word_1_207' title='bbox 1185 2111 1229 2159; x_wconf 91' lang='lat' dir='ltr'><strong>hoc</strong></span> <span class='ocrx_word' id='word_1_208' title='bbox 1243 2112 1281 2171; x_wconf 83' lang='lat' dir='ltr'><strong>sit,</strong></span> 
     </span>
     <span class='ocr_line' id='line_1_24' title="bbox 214 2173 1344 2238; baseline 0 -16"><span class='ocrx_word' id='word_1_209' title='bbox 214 2175 291 2238; x_wconf 85' lang='lat' dir='ltr'><strong>prima</strong></span> <span class='ocrx_word' id='word_1_210' title='bbox 309 2175 345 2223; x_wconf 87' lang='lat' dir='ltr'><strong>ed.</strong></span> <span class='ocrx_word' id='word_1_211' title='bbox 368 2177 513 2238; x_wconf 84' lang='lat' dir='ltr'><strong>(quenquam</strong></span> <span class='ocrx_word' id='word_1_212' title='bbox 534 2173 590 2221; x_wconf 84' lang='lat' dir='ltr'><strong>vitio</strong></span> <span class='ocrx_word' id='word_1_213' title='bbox 611 2187 733 2236; x_wconf 85' lang='lat' dir='ltr'><strong>operarum</strong></span> <span class='ocrx_word' id='word_1_214' title='bbox 764 2175 812 2222; x_wconf 85' lang='lat' dir='ltr'><strong>vim</strong></span> <span class='ocrx_word' id='word_1_215' title='bbox 830 2191 878 2222; x_wconf 90' lang='lat' dir='ltr'><strong>esse</strong></span> <span class='ocrx_word' id='word_1_216' title='bbox 897 2174 1045 2236; x_wconf 70' lang='lat' dir='ltr'><strong>Principibus</strong></span> <span class='ocrx_word' id='word_1_217' title='bbox 1062 2173 1193 2221; x_wconf 68' lang='lat' dir='ltr'><strong>interm?</strong></span> <span class='ocrx_word' id='word_1_218' title='bbox 1211 2174 1282 2238; x_wconf 79' lang='lat' dir='ltr'><strong>&#39;quasi</strong></span> <span class='ocrx_word' id='word_1_219' title='bbox 1340 2177 1344 2184; x_wconf 93' lang='lat'>&#39;</span> 
     </span>
     <span class='ocr_line' id='line_1_25' title="bbox 215 2237 1282 2302; baseline 0 -16"><span class='ocrx_word' id='word_1_220' title='bbox 215 2248 250 2286; x_wconf 78' lang='lat' dir='ltr'><strong>est</strong></span> <span class='ocrx_word' id='word_1_221' title='bbox 260 2246 385 2302; x_wconf 81' lang='lat' dir='ltr'><strong>captospro</strong></span> <span class='ocrx_word' id='word_1_222' title='bbox 394 2237 487 2300; x_wconf 78' lang='lat' dir='ltr'><strong>reptos)</strong></span> <span class='ocrx_word' id='word_1_223' title='bbox 496 2238 552 2285; x_wconf 89' lang='lat' dir='ltr'><strong>item</strong></span> <span class='ocrx_word' id='word_1_224' title='bbox 560 2237 651 2285; x_wconf 80' lang='lat' dir='ltr'><strong>Puteol.</strong></span> <span class='ocrx_word' id='word_1_225' title='bbox 660 2237 732 2285; x_wconf 86' lang='lat' dir='ltr'><strong>Rivii.</strong></span> <span class='ocrx_word' id='word_1_226' title='bbox 764 2239 894 2287; x_wconf 85' lang='lat' dir='ltr'><strong>noncnivis</strong></span> <span class='ocrx_word' id='word_1_227' title='bbox 908 2238 978 2286; x_wconf 87' lang='lat' dir='ltr'><strong>etiam</strong></span> <span class='ocrx_word' id='word_1_228' title='bbox 991 2253 1004 2285; x_wconf 86' lang='lat' dir='ltr'><strong>e</strong></span> <span class='ocrx_word' id='word_1_229' title='bbox 1018 2239 1093 2300; x_wconf 90' lang='lat' dir='ltr'><strong>plebe.</strong></span> <span class='ocrx_word' id='word_1_230' title='bbox 1126 2237 1192 2286; x_wconf 86' lang='lat' dir='ltr'><strong>Nam</strong></span> <span class='ocrx_word' id='word_1_231' title='bbox 1206 2238 1282 2286; x_wconf 88' lang='lat' dir='ltr'><strong>omnis</strong></span> 
     </span>
     <span class='ocr_line' id='line_1_26' title="bbox 215 2300 1188 2378; baseline -0.001 -28"><span class='ocrx_word' id='word_1_232' title='bbox 215 2303 277 2350; x_wconf 84' lang='lat' dir='ltr'><strong>Mox</strong></span> <span class='ocrx_word' id='word_1_233' title='bbox 297 2318 339 2367; x_wconf 85' lang='lat' dir='ltr'><strong>pro</strong></span> <span class='ocrx_word' id='word_1_234' title='bbox 356 2304 477 2350; x_wconf 72' lang='lat' dir='ltr'><strong>extollebat</strong></span> <span class='ocrx_word' id='word_1_235' title='bbox 495 2301 581 2376; x_wconf 75' lang='lat' dir='ltr'><strong>frustra</strong></span> <span class='ocrx_word' id='word_1_236' title='bbox 604 2300 733 2376; x_wconf 74' lang='lat' dir='ltr'><strong>Rhenanus</strong></span> <span class='ocrx_word' id='word_1_237' title='bbox 764 2311 824 2350; x_wconf 86' lang='lat' dir='ltr'><strong>certe</strong></span> <span class='ocrx_word' id='word_1_238' title='bbox 835 2303 869 2350; x_wconf 88' lang='lat' dir='ltr'><strong>vis</strong></span> <span class='ocrx_word' id='word_1_239' title='bbox 879 2303 987 2350; x_wconf 79' lang='lat' dir='ltr'><strong>ommhus</strong></span> <span class='ocrx_word' id='word_1_240' title='bbox 997 2303 1066 2350; x_wconf 77' lang='lat' dir='ltr'><strong>mala</strong></span> <span class='ocrx_word' id='word_1_241' title='bbox 1084 2302 1168 2378; x_wconf 73' lang='lat' dir='ltr'><strong>Inus.¹</strong></span> <span class='ocrx_word' id='word_1_242' title='bbox 1185 2300 1188 2306; x_wconf 81' lang='grc'><em>“</em></span> 
     </span>
     <span class='ocr_line' id='line_1_27' title="bbox 216 2364 1282 2495; baseline 0.002 -17"><span class='ocrx_word' id='word_1_243' title='bbox 216 2367 676 2494; x_wconf 66' lang='lat' dir='ltr'><strong>ttuttftldtltuttdd</strong></span> <span class='ocrx_word' id='word_1_244' title='bbox 685 2364 734 2477; x_wconf 70' lang='lat' dir='ltr'><strong>d:</strong></span> <span class='ocrx_word' id='word_1_245' title='bbox 766 2366 1100 2495; x_wconf 51' lang='lat' dir='ltr'><strong>..indutum</strong></span> <span class='ocrx_word' id='word_1_246' title='bbox 1111 2366 1282 2494; x_wconf 56' lang='lat' dir='ltr'><strong>dudd</strong></span> 
     </span>
     <span class='ocr_line' id='line_1_28' title="bbox 213 2493 1281 2558; baseline 0 -15"><span class='ocrx_word' id='word_1_247' title='bbox 213 2495 283 2544; x_wconf 86' lang='lat' dir='ltr'><strong>tionis</strong></span> <span class='ocrx_word' id='word_1_248' title='bbox 293 2496 386 2543; x_wconf 87' lang='lat' dir='ltr'><strong>nomine</strong></span> <span class='ocrx_word' id='word_1_249' title='bbox 393 2494 501 2556; x_wconf 79' lang='lat' dir='ltr'><strong>intelligit</strong></span> <span class='ocrx_word' id='word_1_250' title='bbox 509 2493 638 2542; x_wconf 85' lang='lat' dir='ltr'><strong>Rhenanus</strong></span> <span class='ocrx_word' id='word_1_251' title='bbox 646 2493 676 2541; x_wconf 88' lang='lat' dir='ltr'><strong>ad</strong></span> <span class='ocrx_word' id='word_1_252' title='bbox 684 2494 732 2541; x_wconf 82' lang='lat' dir='ltr'><strong>h.l.</strong></span> <span class='ocrx_word' id='word_1_253' title='bbox 766 2511 837 2558; x_wconf 87' lang='lat' dir='ltr'><strong>quam</strong></span> <span class='ocrx_word' id='word_1_254' title='bbox 848 2497 929 2558; x_wconf 84' lang='lat' dir='ltr'><strong>probet</strong></span> <span class='ocrx_word' id='word_1_255' title='bbox 939 2495 968 2543; x_wconf 84' lang='lat' dir='ltr'><strong>iis</strong></span> <span class='ocrx_word' id='word_1_256' title='bbox 978 2496 1015 2543; x_wconf 90' lang='lat' dir='ltr'><strong>vel</strong></span> <span class='ocrx_word' id='word_1_257' title='bbox 1024 2495 1163 2544; x_wconf 86' lang='lat' dir='ltr'><strong>Aristoteles</strong></span> <span class='ocrx_word' id='word_1_258' title='bbox 1174 2496 1244 2543; x_wconf 79' lang='lat' dir='ltr'><strong>Petit.</strong></span> <span class='ocrx_word' id='word_1_259' title='bbox 1256 2497 1281 2557; x_wconf 82' lang='grc'>4,</span> 
     </span>
     <span class='ocr_line' id='line_1_29' title="bbox 216 2557 1281 2623; baseline 0.001 -17"><span class='ocrx_word' id='word_1_260' title='bbox 216 2559 262 2607; x_wconf 84' lang='lat' dir='ltr'><strong>nisi</strong></span> <span class='ocrx_word' id='word_1_261' title='bbox 284 2559 409 2607; x_wconf 77' lang='lat' dir='ltr'><strong>Ridanam</strong></span> <span class='ocrx_word' id='word_1_262' title='bbox 431 2557 499 2618; x_wconf 85' lang='lat' dir='ltr'><strong>dixit,</strong></span> <span class='ocrx_word' id='word_1_263' title='bbox 523 2573 576 2621; x_wconf 84' lang='lat' dir='ltr'><strong>quae</strong></span> <span class='ocrx_word' id='word_1_264' title='bbox 596 2558 681 2621; x_wconf 75' lang='lat' dir='ltr'><strong>pariter</strong></span> <span class='ocrx_word' id='word_1_265' title='bbox 702 2557 734 2605; x_wconf 78' lang='lat' dir='ltr'><strong>sic</strong></span> <span class='ocrx_word' id='word_1_266' title='bbox 768 2560 807 2606; x_wconf 89' lang='lat' dir='ltr'><strong>ll.</strong></span> <span class='ocrx_word' id='word_1_267' title='bbox 848 2562 877 2605; x_wconf 80' lang='lat'><strong>01</strong></span> <span class='ocrx_word' id='word_1_268' title='bbox 892 2560 931 2618; x_wconf 70' lang='lat' dir='ltr'><strong>pir</strong></span> <span class='ocrx_word' id='word_1_269' title='bbox 954 2560 1105 2623; x_wconf 73' lang='grc' dir='ltr'>ἓοὺποροχοιῖς</span> <span class='ocrx_word' id='word_1_270' title='bbox 1123 2559 1281 2623; x_wconf 73' lang='grc' dir='ltr'><strong>εὐτυχημάτων</strong></span> 
     </span>
     <span class='ocr_line' id='line_1_30' title="bbox 215 2621 1283 2687; baseline -0.001 -17"><span class='ocrx_word' id='word_1_271' title='bbox 215 2624 292 2671; x_wconf 77' lang='lat' dir='ltr'><strong>habet.</strong></span> <span class='ocrx_word' id='word_1_272' title='bbox 336 2624 467 2671; x_wconf 72' lang='lat' dir='ltr'><strong>Extolletcet</strong></span> <span class='ocrx_word' id='word_1_273' title='bbox 493 2629 528 2669; x_wconf 79' lang='lat' dir='ltr'><strong>est</strong></span> <span class='ocrx_word' id='word_1_274' title='bbox 549 2621 735 2683; x_wconf 76' lang='lat' dir='ltr'><strong>augebat‚&#39;insi-</strong></span> <span class='ocrx_word' id='word_1_275' title='bbox 772 2624 842 2679; x_wconf 78' lang='grc' dir='ltr'>ὄντος,</span> <span class='ocrx_word' id='word_1_276' title='bbox 853 2622 932 2687; x_wconf 73' lang='grc' dir='ltr'>ἰσχύος</span> <span class='ocrx_word' id='word_1_277' title='bbox 946 2622 982 2669; x_wconf 79' lang='lat' dir='ltr'><strong>nai</strong></span> <span class='ocrx_word' id='word_1_278' title='bbox 993 2624 1095 2683; x_wconf 77' lang='grc' dir='ltr'>πλούτου,</span> <span class='ocrx_word' id='word_1_279' title='bbox 1106 2622 1143 2668; x_wconf 72' lang='grc' dir='ltr'><strong>καὶ</strong></span> <span class='ocrx_word' id='word_1_280' title='bbox 1154 2624 1233 2683; x_wconf 73' lang='grc' dir='ltr'>φίλων,</span> <span class='ocrx_word' id='word_1_281' title='bbox 1246 2623 1283 2669; x_wconf 75' lang='lat' dir='ltr'><strong>nal</strong></span> 
     </span>
     <span class='ocr_line' id='line_1_31' title="bbox 216 2685 1282 2749; baseline -0.002 -15"><span class='ocrx_word' id='word_1_282' title='bbox 216 2687 306 2749; x_wconf 71' lang='lat' dir='ltr'><strong>gnioroe</strong></span> <span class='ocrx_word' id='word_1_283' title='bbox 320 2686 436 2742; x_wconf 83' lang='lat' dir='ltr'><strong>reddebat,</strong></span> <span class='ocrx_word' id='word_1_284' title='bbox 454 2688 556 2733; x_wconf 81' lang='lat' dir='ltr'><strong>ornabat.</strong></span> <span class='ocrx_word' id='word_1_285' title='bbox 575 2686 599 2745; x_wconf 87' lang='lat'><strong>6,</strong></span> <span class='ocrx_word' id='word_1_286' title='bbox 614 2686 655 2733; x_wconf 90' lang='grc'><strong>42.</strong></span> <span class='ocrx_word' id='word_1_287' title='bbox 691 2688 733 2733; x_wconf 80' lang='lat' dir='ltr'><strong>Ti·</strong></span> <span class='ocrx_word' id='word_1_288' title='bbox 766 2692 810 2732; x_wconf 78' lang='grc' dir='ltr'><strong>τῶν</strong></span> <span class='ocrx_word' id='word_1_289' title='bbox 827 2685 900 2732; x_wconf 70' lang='grc' dir='ltr'><strong>ἄλλων</strong></span> <span class='ocrx_word' id='word_1_290' title='bbox 917 2692 960 2732; x_wconf 82' lang='grc' dir='ltr'><strong>τῶν</strong></span> <span class='ocrx_word' id='word_1_291' title='bbox 977 2687 1086 2747; x_wconf 79' lang='grc' dir='ltr'>τοιούτων,</span> <span class='ocrx_word' id='word_1_292' title='bbox 1106 2685 1218 2749; x_wconf 59' lang='grc' dir='ltr'>οἶρχοοθαι</span> <span class='ocrx_word' id='word_1_293' title='bbox 1232 2685 1282 2733; x_wconf 74' lang='grc' dir='ltr'><strong>οὔτε</strong></span> 
     </span>
     <span class='ocr_line' id='line_1_32' title="bbox 216 2749 1282 2812; baseline 0 -15"><span class='ocrx_word' id='word_1_294' title='bbox 216 2752 308 2799; x_wconf 83' lang='lat' dir='ltr'><strong>rtdoten</strong></span> <span class='ocrx_word' id='word_1_295' title='bbox 319 2750 546 2799; x_wconf 69' lang='grc' dir='ltr'>οοοοο11οοοοοοιεποτο</span> <span class='ocrx_word' id='word_1_296' title='bbox 557 2751 652 2810; x_wconf 81' lang='lat' dir='ltr'><strong>Regum</strong></span> <span class='ocrx_word' id='word_1_297' title='bbox 662 2750 733 2795; x_wconf 69' lang='lat' dir='ltr'><strong>leonc-</strong></span> <span class='ocrx_word' id='word_1_298' title='bbox 765 2749 879 2800; x_wconf 68' lang='grc' dir='ltr'>βούλονται</span> <span class='ocrx_word' id='word_1_299' title='bbox 890 2749 939 2795; x_wconf 74' lang='grc' dir='ltr'><strong>οὔτε</strong></span> <span class='ocrx_word' id='word_1_300' title='bbox 949 2751 1087 2798; x_wconf 69' lang='grc' dir='ltr'><strong>ἐπίστανται.</strong></span> <span class='ocrx_word' id='word_1_301' title='bbox 1107 2750 1148 2797; x_wconf 79' lang='lat' dir='ltr'><strong>Ea</strong></span> <span class='ocrx_word' id='word_1_302' title='bbox 1156 2763 1204 2812; x_wconf 89' lang='lat' dir='ltr'><strong>quo</strong></span> <span class='ocrx_word' id='word_1_303' title='bbox 1209 2749 1282 2810; x_wconf 84' lang='lat' dir='ltr'><strong>vides,</strong></span> 
     </span>
     <span class='ocr_line' id='line_1_33' title="bbox 217 2812 1283 2873; baseline -0.001 -12"><span class='ocrx_word' id='word_1_304' title='bbox 217 2817 289 2862; x_wconf 79' lang='lat' dir='ltr'><strong>ribus.</strong></span> <span class='ocrx_word' id='word_1_305' title='bbox 319 2814 392 2863; x_wconf 80' lang='lat' dir='ltr'><strong>&#39;Adde</strong></span> <span class='ocrx_word' id='word_1_306' title='bbox 411 2814 439 2862; x_wconf 77' lang='lat' dir='ltr'><strong>sd</strong></span> <span class='ocrx_word' id='word_1_307' title='bbox 459 2815 498 2873; x_wconf 92' lang='grc'>13,</span> <span class='ocrx_word' id='word_1_308' title='bbox 515 2813 554 2860; x_wconf 91' lang='grc'><strong>21.</strong></span> <span class='ocrx_word' id='word_1_309' title='bbox 591 2814 733 2861; x_wconf 85' lang='lat' dir='ltr'><strong>Rhenanum</strong></span> <span class='ocrx_word' id='word_1_310' title='bbox 765 2813 882 2861; x_wconf 88' lang='lat' dir='ltr'><strong>Sosibium</strong></span> <span class='ocrx_word' id='word_1_311' title='bbox 899 2812 969 2860; x_wconf 90' lang='lat' dir='ltr'><strong>nimis</strong></span> <span class='ocrx_word' id='word_1_312' title='bbox 985 2828 1038 2861; x_wconf 86' lang='lat' dir='ltr'><strong>vere</strong></span> <span class='ocrx_word' id='word_1_313' title='bbox 1048 2813 1178 2873; x_wconf 62' lang='lat' dir='ltr'><strong>&#39;monuisse</strong></span> <span class='ocrx_word' id='word_1_314' title='bbox 1195 2828 1283 2860; x_wconf 80' lang='lat' dir='ltr'><strong>aarum</strong></span> 
     </span>
     <span class='ocr_line' id='line_1_34' title="bbox 217 2876 1283 2941; baseline 0 -16"><span class='ocrx_word' id='word_1_315' title='bbox 217 2888 294 2927; x_wconf 83' lang='lat' dir='ltr'><strong>tamen</strong></span> <span class='ocrx_word' id='word_1_316' title='bbox 308 2887 399 2926; x_wconf 87' lang='lat' dir='ltr'><strong>secutus</strong></span> <span class='ocrx_word' id='word_1_317' title='bbox 410 2886 443 2926; x_wconf 87' lang='lat' dir='ltr'><strong>est</strong></span> <span class='ocrx_word' id='word_1_318' title='bbox 454 2877 541 2937; x_wconf 91' lang='lat' dir='ltr'><strong>Aldus,</strong></span> <span class='ocrx_word' id='word_1_319' title='bbox 554 2876 643 2941; x_wconf 74' lang='lat' dir='ltr'><strong>Grypb,</strong></span> <span class='ocrx_word' id='word_1_320' title='bbox 661 2876 733 2924; x_wconf 80' lang='lat' dir='ltr'><strong>Ean.</strong></span> <span class='ocrx_word' id='word_1_321' title='bbox 765 2885 787 2923; x_wconf 87' lang='lat' dir='ltr'><strong>et</strong></span> <span class='ocrx_word' id='word_1_322' title='bbox 798 2892 850 2939; x_wconf 82' lang='lat' dir='ltr'><strong>oper</strong></span> <span class='ocrx_word' id='word_1_323' title='bbox 861 2878 1015 2939; x_wconf 74' lang='lat' dir='ltr'><strong>Priuctpttm</strong></span> <span class='ocrx_word' id='word_1_324' title='bbox 1025 2879 1124 2939; x_wconf 64' lang='lat' dir='ltr'><strong>{rpem</strong></span> <span class='ocrx_word' id='word_1_325' title='bbox 1141 2878 1217 2925; x_wconf 66' lang='lat' dir='ltr'><strong>lares.</strong></span> <span class='ocrx_word' id='word_1_326' title='bbox 1244 2877 1283 2927; x_wconf 85' lang='lat' dir='ltr'><strong>Sic</strong></span> 
     </span>
     <span class='ocr_line' id='line_1_35' title="bbox 219 2940 1283 3003; baseline 0 -14"><span class='ocrx_word' id='word_1_327' title='bbox 219 2942 276 2990; x_wconf 77' lang='lat' dir='ltr'><strong>uod.</strong></span> <span class='ocrx_word' id='word_1_328' title='bbox 294 2942 358 2992; x_wconf 87' lang='lat' dir='ltr'><strong>Bud.</strong></span> <span class='ocrx_word' id='word_1_329' title='bbox 376 2943 436 2989; x_wconf 81' lang='lat' dir='ltr'><strong>clere</strong></span> <span class='ocrx_word' id='word_1_330' title='bbox 452 2941 522 2989; x_wconf 86' lang='lat' dir='ltr'><strong>habet</strong></span> <span class='ocrx_word' id='word_1_331' title='bbox 538 2948 624 3003; x_wconf 79' lang='lat' dir='ltr'><strong>ceptor.</strong></span> <span class='ocrx_word' id='word_1_332' title='bbox 634 2972 640 2989; x_wconf 88' lang='lat'><strong>.</strong></span> <span class='ocrx_word' id='word_1_333' title='bbox 650 2943 734 2989; x_wconf 65' lang='lat' dir='ltr'><strong>extol·</strong></span> <span class='ocrx_word' id='word_1_334' title='bbox 764 2940 834 3002; x_wconf 81' lang='lat' dir='ltr'><strong>(auri</strong></span> <span class='ocrx_word' id='word_1_335' title='bbox 850 2942 910 3001; x_wconf 75' lang='lat' dir='ltr'><strong>vim)</strong></span> <span class='ocrx_word' id='word_1_336' title='bbox 928 2957 976 2989; x_wconf 86' lang='lat' dir='ltr'><strong>esse</strong></span> <span class='ocrx_word' id='word_1_337' title='bbox 990 2941 1016 2987; x_wconf 88' lang='lat' dir='ltr'><strong>in</strong></span> <span class='ocrx_word' id='word_1_338' title='bbox 1032 2940 1081 2989; x_wconf 87' lang='lat' dir='ltr'><strong>cod.</strong></span> <span class='ocrx_word' id='word_1_339' title='bbox 1100 2942 1162 2989; x_wconf 86' lang='lat' dir='ltr'><strong>Flor.</strong></span> <span class='ocrx_word' id='word_1_340' title='bbox 1181 2941 1283 2990; x_wconf 80' lang='lat' dir='ltr'><strong>Pichena</strong></span> 
     </span>
     <span class='ocr_line' id='line_1_36' title="bbox 217 3004 1282 3068; baseline -0.001 -14"><span class='ocrx_word' id='word_1_341' title='bbox 217 3008 282 3055; x_wconf 78' lang='lat' dir='ltr'><strong>lebat.</strong></span> <span class='ocrx_word' id='word_1_342' title='bbox 316 3007 354 3054; x_wconf 89' lang='lat' dir='ltr'><strong>De</strong></span> <span class='ocrx_word' id='word_1_343' title='bbox 364 3005 435 3054; x_wconf 82' lang='lat' dir='ltr'><strong>hortis</strong></span> <span class='ocrx_word' id='word_1_344' title='bbox 446 3005 475 3053; x_wconf 83' lang='lat' dir='ltr'><strong>cf.</strong></span> <span class='ocrx_word' id='word_1_345' title='bbox 492 3020 512 3053; x_wconf 86' lang='lat' dir='ltr'><strong>c.</strong></span> <span class='ocrx_word' id='word_1_346' title='bbox 523 3007 562 3053; x_wconf 89' lang='grc'><strong>32.</strong></span> <span class='ocrx_word' id='word_1_347' title='bbox 765 3004 893 3064; x_wconf 81' lang='lat' dir='ltr'><strong>confirmat,</strong></span> <span class='ocrx_word' id='word_1_348' title='bbox 904 3014 990 3068; x_wconf 84' lang='lat' dir='ltr'><strong>negant</strong></span> <span class='ocrx_word' id='word_1_349' title='bbox 1000 3004 1047 3063; x_wconf 78' lang='lat' dir='ltr'><strong>aui,</strong></span> <span class='ocrx_word' id='word_1_350' title='bbox 1060 3015 1083 3052; x_wconf 85' lang='lat' dir='ltr'><strong>ct</strong></span> <span class='ocrx_word' id='word_1_351' title='bbox 1092 3005 1126 3053; x_wconf 95' lang='lat' dir='ltr'><strong>ibi</strong></span> <span class='ocrx_word' id='word_1_352' title='bbox 1135 3020 1185 3066; x_wconf 85' lang='lat' dir='ltr'><strong>esse</strong></span> <span class='ocrx_word' id='word_1_353' title='bbox 1195 3008 1282 3067; x_wconf 80' lang='lat' dir='ltr'><strong>caveri,</strong></span> 
     </span>
     <span class='ocr_line' id='line_1_37' title="bbox 250 3068 1283 3133; baseline -0.002 -14"><span class='ocrx_word' id='word_1_354' title='bbox 250 3071 364 3131; x_wconf 77' lang='lat' dir='ltr'><strong>Sosibius]</strong></span> <span class='ocrx_word' id='word_1_355' title='bbox 384 3070 476 3130; x_wconf 88' lang='lat' dir='ltr'><strong>Nescio,</strong></span> <span class='ocrx_word' id='word_1_356' title='bbox 492 3084 522 3117; x_wconf 83' lang='lat' dir='ltr'><strong>en</strong></span> <span class='ocrx_word' id='word_1_357' title='bbox 537 3068 575 3117; x_wconf 91' lang='lat' dir='ltr'><strong>ille</strong></span> <span class='ocrx_word' id='word_1_358' title='bbox 586 3069 623 3127; x_wconf 85' lang='lat' dir='ltr'><strong>sit,</strong></span> <span class='ocrx_word' id='word_1_359' title='bbox 635 3070 676 3133; x_wconf 92' lang='lat' dir='ltr'><strong>qui</strong></span> <span class='ocrx_word' id='word_1_360' title='bbox 687 3070 734 3117; x_wconf 81' lang='lat' dir='ltr'><strong>Ar·</strong></span> <span class='ocrx_word' id='word_1_361' title='bbox 765 3068 828 3131; x_wconf 88' lang='lat' dir='ltr'><strong>quod</strong></span> <span class='ocrx_word' id='word_1_362' title='bbox 845 3068 944 3116; x_wconf 84' lang='lat' dir='ltr'><strong>restituit</strong></span> <span class='ocrx_word' id='word_1_363' title='bbox 958 3069 1010 3117; x_wconf 86' lang='lat' dir='ltr'><strong>Jec.</strong></span> <span class='ocrx_word' id='word_1_364' title='bbox 1027 3070 1100 3117; x_wconf 85' lang='lat' dir='ltr'><strong>Gron.</strong></span> <span class='ocrx_word' id='word_1_365' title='bbox 1113 3073 1197 3132; x_wconf 76' lang='lat' dir='ltr'><strong>&#39;estque</strong></span> <span class='ocrx_word' id='word_1_366' title='bbox 1210 3069 1235 3116; x_wconf 89' lang='lat' dir='ltr'><strong>in</strong></span> <span class='ocrx_word' id='word_1_367' title='bbox 1246 3070 1283 3117; x_wconf 89' lang='lat' dir='ltr'><strong>ed.</strong></span> 
     </span>
     <span class='ocr_line' id='line_1_38' title="bbox 218 3132 1282 3197; baseline 0 -16"><span class='ocrx_word' id='word_1_368' title='bbox 218 3136 288 3182; x_wconf 87' lang='lat' dir='ltr'><strong>nobio</strong></span> <span class='ocrx_word' id='word_1_369' title='bbox 307 3134 438 3181; x_wconf 83' lang='lat' dir='ltr'><strong>nominatus</strong></span> <span class='ocrx_word' id='word_1_370' title='bbox 455 3134 472 3179; x_wconf 84' lang='lat' dir='ltr'>L</span> <span class='ocrx_word' id='word_1_371' title='bbox 488 3134 511 3179; x_wconf 91' lang='grc'><strong>4.</strong></span> <span class='ocrx_word' id='word_1_372' title='bbox 534 3150 557 3197; x_wconf 92' lang='lat' dir='ltr'><strong>p.</strong></span> <span class='ocrx_word' id='word_1_373' title='bbox 576 3134 629 3180; x_wconf 91' lang='grc'><strong>144.</strong></span> <span class='ocrx_word' id='word_1_374' title='bbox 664 3137 733 3181; x_wconf 84' lang='lat' dir='ltr'><strong>Nam</strong></span> <span class='ocrx_word' id='word_1_375' title='bbox 764 3147 799 3194; x_wconf 85' lang='lat' dir='ltr'><strong>pr.</strong></span> <span class='ocrx_word' id='word_1_376' title='bbox 819 3132 942 3180; x_wconf 75' lang='lat' dir='ltr'><strong>Puteolani</strong></span> <span class='ocrx_word' id='word_1_377' title='bbox 957 3141 998 3180; x_wconf 77' lang='lat' dir='ltr'><strong>etr.</strong></span> <span class='ocrx_word' id='word_1_378' title='bbox 1040 3134 1086 3181; x_wconf 86' lang='lat' dir='ltr'><strong>Sed</strong></span> <span class='ocrx_word' id='word_1_379' title='bbox 1102 3140 1205 3180; x_wconf 70' lang='lat' dir='ltr'><strong>metueret</strong></span> <span class='ocrx_word' id='word_1_380' title='bbox 1222 3132 1282 3181; x_wconf 89' lang='lat' dir='ltr'><strong>desi·</strong></span> 
     </span>
     <span class='ocr_line' id='line_1_39' title="bbox 217 3196 1281 3260; baseline -0.002 -13"><span class='ocrx_word' id='word_1_381' title='bbox 217 3201 245 3247; x_wconf 81' lang='lat' dir='ltr'><strong>ab</strong></span> <span class='ocrx_word' id='word_1_382' title='bbox 261 3200 429 3260; x_wconf 63' lang='lat' dir='ltr'><strong>Hhcpoc&#39;oontis</strong></span> <span class='ocrx_word' id='word_1_383' title='bbox 445 3198 523 3243; x_wconf 73' lang='lat' dir='ltr'><strong>liberis</strong></span> <span class='ocrx_word' id='word_1_384' title='bbox 539 3200 617 3260; x_wconf 77' lang='lat' dir='ltr'><strong>ipsum</strong></span> <span class='ocrx_word' id='word_1_385' title='bbox 629 3199 734 3245; x_wconf 71' lang='grc' dir='ltr'>δοοὶὺοῖοιο</span> <span class='ocrx_word' id='word_1_386' title='bbox 764 3196 828 3244; x_wconf 85' lang='lat' dir='ltr'><strong>derat</strong></span> <span class='ocrx_word' id='word_1_387' title='bbox 838 3204 880 3243; x_wconf 87' lang='lat' dir='ltr'><strong>aut</strong></span> <span class='ocrx_word' id='word_1_388' title='bbox 890 3204 989 3256; x_wconf 75' lang='lat' dir='ltr'><strong>moeret,</strong></span> <span class='ocrx_word' id='word_1_389' title='bbox 1005 3196 1068 3259; x_wconf 88' lang='lat' dir='ltr'><strong>quod</strong></span> <span class='ocrx_word' id='word_1_390' title='bbox 1078 3206 1112 3245; x_wconf 89' lang='lat' dir='ltr'><strong>est</strong></span> <span class='ocrx_word' id='word_1_391' title='bbox 1121 3197 1147 3244; x_wconf 93' lang='lat' dir='ltr'><strong>in</strong></span> <span class='ocrx_word' id='word_1_392' title='bbox 1158 3196 1207 3244; x_wconf 84' lang='lat' dir='ltr'><strong>cod</strong></span> <span class='ocrx_word' id='word_1_393' title='bbox 1221 3198 1281 3260; x_wconf 84' lang='lat' dir='ltr'><strong>Agr.</strong></span> 
     </span>
     <span class='ocr_line' id='line_1_40' title="bbox 217 3260 1284 3323; baseline -0.003 -13"><span class='ocrx_word' id='word_1_394' title='bbox 217 3264 347 3311; x_wconf 82' lang='lat' dir='ltr'><strong>Herculem</strong></span> <span class='ocrx_word' id='word_1_395' title='bbox 357 3264 488 3309; x_wconf 79' lang='lat' dir='ltr'><strong>cruciatum</strong></span> <span class='ocrx_word' id='word_1_396' title='bbox 503 3264 619 3309; x_wconf 77' lang='lat' dir='ltr'><strong>rettulisse</strong></span> <span class='ocrx_word' id='word_1_397' title='bbox 624 3276 733 3323; x_wconf 79' lang='lat' dir='ltr'><strong>pronun·</strong></span> <span class='ocrx_word' id='word_1_398' title='bbox 765 3269 870 3308; x_wconf 79' lang='lat' dir='ltr'><strong>autrum</strong></span> <span class='ocrx_word' id='word_1_399' title='bbox 886 3261 1064 3323; x_wconf 74' lang='lat' dir='ltr'><strong>Guelfirocere.</strong></span> <span class='ocrx_word' id='word_1_400' title='bbox 1098 3260 1137 3309; x_wconf 90' lang='lat' dir='ltr'><strong>Sic</strong></span> <span class='ocrx_word' id='word_1_401' title='bbox 1147 3261 1172 3320; x_wconf 89' lang='grc'>4,</span> <span class='ocrx_word' id='word_1_402' title='bbox 1184 3261 1224 3315; x_wconf 81' lang='lat'><strong>67.</strong></span> <span class='ocrx_word' id='word_1_403' title='bbox 1236 3265 1284 3322; x_wconf 73' lang='lat' dir='ltr'><strong>&#39;qut</strong></span> 
     </span>
     <span class='ocr_line' id='line_1_41' title="bbox 218 3324 1283 3389; baseline -0.005 -12"><span class='ocrx_word' id='word_1_404' title='bbox 218 3330 280 3377; x_wconf 77' lang='lat' dir='ltr'><strong>ctat:</strong></span> <span class='ocrx_word' id='word_1_405' title='bbox 298 3327 399 3389; x_wconf 88' lang='lat' dir='ltr'><strong>itemque</strong></span> <span class='ocrx_word' id='word_1_406' title='bbox 410 3325 526 3373; x_wconf 84' lang='lat' dir='ltr'><strong>Clementi</strong></span> <span class='ocrx_word' id='word_1_407' title='bbox 536 3326 609 3374; x_wconf 80' lang='lat' dir='ltr'><strong>Alex.</strong></span> <span class='ocrx_word' id='word_1_408' title='bbox 624 3324 667 3373; x_wconf 89' lang='lat' dir='ltr'><strong>Ad</strong></span> <span class='ocrx_word' id='word_1_409' title='bbox 676 3340 734 3389; x_wconf 87' lang='lat' dir='ltr'><strong>gen·</strong></span> <span class='ocrx_word' id='word_1_410' title='bbox 764 3331 885 3372; x_wconf 77' lang='lat' dir='ltr'><strong>monerent</strong></span> <span class='ocrx_word' id='word_1_411' title='bbox 896 3326 1026 3387; x_wconf 69' lang='lat' dir='ltr'><strong>perfugere</strong></span> <span class='ocrx_word' id='word_1_412' title='bbox 1036 3325 1067 3371; x_wconf 85' lang='lat' dir='ltr'><strong>od</strong></span> <span class='ocrx_word' id='word_1_413' title='bbox 1079 3326 1231 3372; x_wconf 81' lang='lat' dir='ltr'><strong>Germanicos</strong></span> <span class='ocrx_word' id='word_1_414' title='bbox 1242 3340 1283 3372; x_wconf 81' lang='lat' dir='ltr'><strong>ex·</strong></span> 
     </span>
     <span class='ocr_line' id='line_1_42' title="bbox 217 3388 1282 3453; baseline -0.003 -15"><span class='ocrx_word' id='word_1_415' title='bbox 217 3400 250 3438; x_wconf 87' lang='lat' dir='ltr'><strong>tes</strong></span> <span class='ocrx_word' id='word_1_416' title='bbox 265 3408 287 3453; x_wconf 92' lang='lat' dir='ltr'><strong>p.</strong></span> <span class='ocrx_word' id='word_1_417' title='bbox 302 3392 339 3437; x_wconf 86' lang='lat'><strong>10.</strong></span> <span class='ocrx_word' id='word_1_418' title='bbox 372 3388 455 3437; x_wconf 83' lang='lat' dir='ltr'><strong>Suidas</strong></span> <span class='ocrx_word' id='word_1_419' title='bbox 466 3389 535 3436; x_wconf 86' lang='lat' dir='ltr'><strong>etiam</strong></span> <span class='ocrx_word' id='word_1_420' title='bbox 550 3389 670 3437; x_wconf 79' lang='lat' dir='ltr'><strong>literatorie</strong></span> <span class='ocrx_word' id='word_1_421' title='bbox 684 3404 733 3437; x_wconf 88' lang='lat' dir='ltr'><strong>me·</strong></span> <span class='ocrx_word' id='word_1_422' title='bbox 764 3390 858 3436; x_wconf 74' lang='lat' dir='ltr'><strong>eruitur.</strong></span> <span class='ocrx_word' id='word_1_423' title='bbox 888 3388 965 3437; x_wconf 90' lang='lat' dir='ltr'><strong>Video</strong></span> <span class='ocrx_word' id='word_1_424' title='bbox 975 3388 1219 3452; x_wconf 85' lang='lat' dir='ltr'><strong>quidemaSalinerio</strong></span> <span class='ocrx_word' id='word_1_425' title='bbox 1229 3390 1282 3436; x_wconf 82' lang='lat' dir='ltr'><strong>lan·</strong></span> 
     </span>
     <span class='ocr_line' id='line_1_43' title="bbox 217 3452 1282 3514; baseline 0 -13"><span class='ocrx_word' id='word_1_426' title='bbox 217 3456 286 3501; x_wconf 85' lang='lat' dir='ltr'><strong>minit</strong></span> <span class='ocrx_word' id='word_1_427' title='bbox 304 3454 347 3501; x_wconf 91' lang='lat' dir='ltr'><strong>hoc</strong></span> <span class='ocrx_word' id='word_1_428' title='bbox 364 3453 457 3501; x_wconf 89' lang='lat' dir='ltr'><strong>nomine</strong></span> <span class='ocrx_word' id='word_1_429' title='bbox 475 3452 500 3499; x_wconf 88' lang='lat' dir='ltr'><strong>in</strong></span> <span class='ocrx_word' id='word_1_430' title='bbox 520 3452 629 3514; x_wconf 67' lang='lat' dir='ltr'><strong>tortirac.</strong></span> <span class='ocrx_word' id='word_1_431' title='bbox 658 3453 732 3501; x_wconf 81' lang='lat' dir='ltr'><strong>L1rs.</strong></span> <span class='ocrx_word' id='word_1_432' title='bbox 764 3452 814 3499; x_wconf 79' lang='lat' dir='ltr'><strong>dari</strong></span> <span class='ocrx_word' id='word_1_433' title='bbox 827 3454 924 3500; x_wconf 73' lang='grc' dir='ltr'>ονοοοοιο</span> <span class='ocrx_word' id='word_1_434' title='bbox 939 3454 1140 3511; x_wconf 64' lang='lat' dir='ltr'><strong>coemi-redditis,</strong></span> <span class='ocrx_word' id='word_1_435' title='bbox 1160 3453 1282 3513; x_wconf 85' lang='grc' dir='ltr'>ο13,13.</span> 
     </span>
     <span class='ocr_line' id='line_1_44' title="bbox 217 3515 1285 3581; baseline -0.001 -16"><span class='ocrx_word' id='word_1_436' title='bbox 217 3518 334 3579; x_wconf 81' lang='lat' dir='ltr'><strong>Libertus,</strong></span> <span class='ocrx_word' id='word_1_437' title='bbox 350 3516 498 3581; x_wconf 69' lang='lat' dir='ltr'><strong>pedagogus,</strong></span> <span class='ocrx_word' id='word_1_438' title='bbox 510 3516 558 3565; x_wconf 85' lang='lat' dir='ltr'><strong>sire</strong></span> <span class='ocrx_word' id='word_1_439' title='bbox 570 3516 640 3564; x_wconf 85' lang='lat' dir='ltr'><strong>etiam</strong></span> <span class='ocrx_word' id='word_1_440' title='bbox 655 3532 733 3565; x_wconf 85' lang='lat' dir='ltr'><strong>servus</strong></span> <span class='ocrx_word' id='word_1_441' title='bbox 764 3515 811 3563; x_wconf 83' lang='lat' dir='ltr'><strong>Sed</strong></span> <span class='ocrx_word' id='word_1_442' title='bbox 825 3516 859 3563; x_wconf 90' lang='lat' dir='ltr'><strong>ibi</strong></span> <span class='ocrx_word' id='word_1_443' title='bbox 869 3516 932 3565; x_wconf 84' lang='lat' dir='ltr'><strong>Flor.</strong></span> <span class='ocrx_word' id='word_1_444' title='bbox 947 3531 1038 3573; x_wconf 80' lang='lat' dir='ltr'><strong>cocere,</strong></span> <span class='ocrx_word' id='word_1_445' title='bbox 1053 3516 1124 3579; x_wconf 92' lang='lat' dir='ltr'><strong>idque</strong></span> <span class='ocrx_word' id='word_1_446' title='bbox 1142 3524 1202 3563; x_wconf 88' lang='lat' dir='ltr'><strong>recte</strong></span> <span class='ocrx_word' id='word_1_447' title='bbox 1218 3532 1285 3579; x_wconf 86' lang='lat' dir='ltr'><strong>repo-</strong></span> 
     </span>
     <span class='ocr_line' id='line_1_45' title="bbox 216 3578 1283 3642; baseline 0 -13"><span class='ocrx_word' id='word_1_448' title='bbox 216 3582 300 3630; x_wconf 86' lang='lat' dir='ltr'><strong>adhuc.</strong></span> <span class='ocrx_word' id='word_1_449' title='bbox 333 3578 665 3639; x_wconf 57' lang='lat' dir='ltr'><strong>AnicemslibertnuNeronia</strong></span> <span class='ocrx_word' id='word_1_450' title='bbox 676 3582 732 3629; x_wconf 87' lang='lat' dir='ltr'><strong>olim</strong></span> <span class='ocrx_word' id='word_1_451' title='bbox 764 3580 835 3627; x_wconf 91' lang='lat' dir='ltr'><strong>situm</strong></span> <span class='ocrx_word' id='word_1_452' title='bbox 848 3596 864 3627; x_wconf 86' lang='lat' dir='ltr'><strong>a</strong></span> <span class='ocrx_word' id='word_1_453' title='bbox 881 3581 989 3629; x_wconf 83' lang='lat' dir='ltr'><strong>Pichena.</strong></span> <span class='ocrx_word' id='word_1_454' title='bbox 1022 3580 1100 3642; x_wconf 83' lang='lat' dir='ltr'><strong>Igitur</strong></span> <span class='ocrx_word' id='word_1_455' title='bbox 1115 3594 1162 3628; x_wconf 89' lang='lat' dir='ltr'><strong>non</strong></span> <span class='ocrx_word' id='word_1_456' title='bbox 1178 3580 1283 3629; x_wconf 84' lang='lat' dir='ltr'><strong>dubitavi</strong></span> 
     </span>
     <span class='ocr_line' id='line_1_46' title="bbox 217 3643 1283 3707; baseline -0.002 -14"><span class='ocrx_word' id='word_1_457' title='bbox 217 3646 333 3703; x_wconf 81' lang='lat' dir='ltr'><strong>educator,</strong></span> <span class='ocrx_word' id='word_1_458' title='bbox 353 3652 388 3693; x_wconf 87' lang='lat' dir='ltr'><strong>est</strong></span> <span class='ocrx_word' id='word_1_459' title='bbox 408 3645 445 3703; x_wconf 87' lang='grc'><strong>14,</strong></span> <span class='ocrx_word' id='word_1_460' title='bbox 457 3646 480 3691; x_wconf 95' lang='grc'><strong>3.</strong></span> <span class='ocrx_word' id='word_1_461' title='bbox 515 3643 585 3693; x_wconf 81' lang='lat' dir='ltr'><strong>Tales</strong></span> <span class='ocrx_word' id='word_1_462' title='bbox 600 3645 733 3693; x_wconf 76' lang='lat' dir='ltr'><strong>educatores</strong></span> <span class='ocrx_word' id='word_1_463' title='bbox 765 3652 788 3690; x_wconf 89' lang='lat' dir='ltr'><strong>ct</strong></span> <span class='ocrx_word' id='word_1_464' title='bbox 808 3644 846 3691; x_wconf 90' lang='lat' dir='ltr'><strong>hic</strong></span> <span class='ocrx_word' id='word_1_465' title='bbox 867 3644 899 3692; x_wconf 85' lang='lat' dir='ltr'><strong>sie</strong></span> <span class='ocrx_word' id='word_1_466' title='bbox 921 3644 1049 3692; x_wconf 82' lang='lat' dir='ltr'><strong>rescribere.</strong></span> <span class='ocrx_word' id='word_1_467' title='bbox 1083 3644 1109 3692; x_wconf 91' lang='lat' dir='ltr'><strong>Si</strong></span> <span class='ocrx_word' id='word_1_468' title='bbox 1134 3644 1187 3707; x_wconf 90' lang='lat' dir='ltr'><strong>quis</strong></span> <span class='ocrx_word' id='word_1_469' title='bbox 1205 3652 1283 3692; x_wconf 85' lang='lat' dir='ltr'><strong>tamen</strong></span> 
     </span>
     <span class='ocr_line' id='line_1_47' title="bbox 217 3707 1282 3773; baseline -0.001 -16"><span class='ocrx_word' id='word_1_470' title='bbox 217 3725 254 3773; x_wconf 83' lang='lat' dir='ltr'><strong>ap.</strong></span> <span class='ocrx_word' id='word_1_471' title='bbox 268 3710 317 3757; x_wconf 88' lang='lat' dir='ltr'><strong>Cic.</strong></span> <span class='ocrx_word' id='word_1_472' title='bbox 326 3710 406 3757; x_wconf 82' lang='lat' dir='ltr'><strong>Plane.</strong></span> <span class='ocrx_word' id='word_1_473' title='bbox 418 3708 457 3756; x_wconf 84' lang='lat'><strong>33.</strong></span> <span class='ocrx_word' id='word_1_474' title='bbox 491 3707 665 3757; x_wconf 83' lang='lat' dir='ltr'><strong>Mentioetiam</strong></span> <span class='ocrx_word' id='word_1_475' title='bbox 676 3708 735 3756; x_wconf 86' lang='lat' dir='ltr'><strong>edu-</strong></span> <span class='ocrx_word' id='word_1_476' title='bbox 764 3707 832 3755; x_wconf 88' lang='lat' dir='ltr'><strong>malit</strong></span> <span class='ocrx_word' id='word_1_477' title='bbox 849 3723 864 3755; x_wconf 89' lang='lat' dir='ltr'><strong>e</strong></span> <span class='ocrx_word' id='word_1_478' title='bbox 880 3708 930 3756; x_wconf 87' lang='lat' dir='ltr'><strong>eod.</strong></span> <span class='ocrx_word' id='word_1_479' title='bbox 952 3709 1011 3771; x_wconf 84' lang='lat' dir='ltr'><strong>Agr.</strong></span> <span class='ocrx_word' id='word_1_480' title='bbox 1031 3715 1131 3767; x_wconf 79' lang='lat' dir='ltr'><strong>caveret,</strong></span> <span class='ocrx_word' id='word_1_481' title='bbox 1150 3722 1198 3755; x_wconf 89' lang='lat' dir='ltr'><strong>non</strong></span> <span class='ocrx_word' id='word_1_482' title='bbox 1215 3709 1282 3756; x_wconf 85' lang='lat' dir='ltr'><strong>valde</strong></span> 
     </span>
     <span class='ocr_line' id='line_1_48' title="bbox 215 3771 1282 3837; baseline -0.002 -15"><span class='ocrx_word' id='word_1_483' title='bbox 215 3771 523 3837; x_wconf 83' lang='lat' dir='ltr'><strong>catorisininscriptioneap.</strong></span> <span class='ocrx_word' id='word_1_484' title='bbox 531 3772 651 3836; x_wconf 78' lang='lat' dir='ltr'><strong>Muretp·</strong></span> <span class='ocrx_word' id='word_1_485' title='bbox 662 3773 734 3836; x_wconf 83' lang='grc'>1021,</span> <span class='ocrx_word' id='word_1_486' title='bbox 766 3786 900 3835; x_wconf 80' lang='lat' dir='ltr'><strong>repugnem.</strong></span> <span class='ocrx_word' id='word_1_487' title='bbox 934 3771 981 3819; x_wconf 89' lang='lat' dir='ltr'><strong>Sed</strong></span> <span class='ocrx_word' id='word_1_488' title='bbox 996 3780 1073 3820; x_wconf 86' lang='lat' dir='ltr'><strong>tamen</strong></span> <span class='ocrx_word' id='word_1_489' title='bbox 1088 3779 1180 3820; x_wconf 82' lang='lat' dir='ltr'><strong>caveret</strong></span> <span class='ocrx_word' id='word_1_490' title='bbox 1190 3772 1282 3820; x_wconf 84' lang='lat' dir='ltr'><strong>videtur</strong></span> 
     </span>
     <span class='ocr_line' id='line_1_49' title="bbox 219 3835 1282 3896; baseline -0.002 -12"><span class='ocrx_word' id='word_1_491' title='bbox 219 3838 240 3884; x_wconf 94' lang='grc'><strong>1.</strong></span> <span class='ocrx_word' id='word_1_492' title='bbox 258 3838 331 3887; x_wconf 78' lang='lat' dir='ltr'><strong>Ean.</strong></span> <span class='ocrx_word' id='word_1_493' title='bbox 764 3836 929 3884; x_wconf 83' lang='lat' dir='ltr'><strong>esseccrrectio</strong></span> <span class='ocrx_word' id='word_1_494' title='bbox 943 3835 1039 3896; x_wconf 87' lang='lat' dir='ltr'><strong>librarii,</strong></span> <span class='ocrx_word' id='word_1_495' title='bbox 1055 3836 1089 3883; x_wconf 84' lang='lat' dir='ltr'><strong>ita</strong></span> <span class='ocrx_word' id='word_1_496' title='bbox 1099 3835 1183 3894; x_wconf 86' lang='lat' dir='ltr'><strong>affecti,</strong></span> <span class='ocrx_word' id='word_1_497' title='bbox 1197 3843 1224 3882; x_wconf 93' lang='lat' dir='ltr'><strong>ut</strong></span> <span class='ocrx_word' id='word_1_498' title='bbox 1240 3836 1282 3883; x_wconf 88' lang='lat' dir='ltr'><strong>Pi·</strong></span> 
     </span>
     <span class='ocr_line' id='line_1_50' title="bbox 253 3899 1282 3965; baseline -0.002 -16"><span class='ocrx_word' id='word_1_499' title='bbox 253 3904 309 3949; x_wconf 80' lang='lat' dir='ltr'><strong>Vim</strong></span> <span class='ocrx_word' id='word_1_500' title='bbox 318 3908 386 3961; x_wconf 81' lang='lat' dir='ltr'><strong>atque</strong></span> <span class='ocrx_word' id='word_1_501' title='bbox 396 3916 448 3963; x_wconf 82' lang='lat' dir='ltr'><strong>oper</strong></span> <span class='ocrx_word' id='word_1_502' title='bbox 460 3918 500 3963; x_wconf 83' lang='lat' dir='ltr'><strong>pr.</strong></span> <span class='ocrx_word' id='word_1_503' title='bbox 511 3902 625 3965; x_wconf 74' lang='lat' dir='ltr'><strong>infernae]</strong></span> <span class='ocrx_word' id='word_1_504' title='bbox 647 3902 689 3950; x_wconf 80' lang='lat' dir='ltr'><strong>Vis</strong></span> <span class='ocrx_word' id='word_1_505' title='bbox 699 3909 733 3949; x_wconf 85' lang='lat' dir='ltr'><strong>est</strong></span> <span class='ocrx_word' id='word_1_506' title='bbox 764 3900 838 3947; x_wconf 84' lang='lat' dir='ltr'><strong>chene</strong></span> <span class='ocrx_word' id='word_1_507' title='bbox 851 3900 882 3946; x_wconf 86' lang='lat' dir='ltr'><strong>ad</strong></span> <span class='ocrx_word' id='word_1_508' title='bbox 895 3900 933 3959; x_wconf 87' lang='grc'>13,</span> <span class='ocrx_word' id='word_1_509' title='bbox 946 3902 969 3952; x_wconf 90' lang='grc'><strong>3.</strong></span> <span class='ocrx_word' id='word_1_510' title='bbox 987 3899 1011 3946; x_wconf 90' lang='lat' dir='ltr'><strong>h.</strong></span> <span class='ocrx_word' id='word_1_511' title='bbox 1022 3916 1042 3947; x_wconf 90' lang='lat' dir='ltr'><strong>e.</strong></span> <span class='ocrx_word' id='word_1_512' title='bbox 1057 3900 1169 3962; x_wconf 86' lang='lat' dir='ltr'><strong>putantis,</strong></span> <span class='ocrx_word' id='word_1_513' title='bbox 1186 3900 1282 3947; x_wconf 85' lang='lat' dir='ltr'><strong>infiniti-</strong></span> 
     </span>
     <span class='ocr_line' id='line_1_51' title="bbox 213 3963 1282 4030; baseline -0.002 -17"><span class='ocrx_word' id='word_1_514' title='bbox 213 3965 324 4030; x_wconf 81' lang='lat' dir='ltr'><strong>potentia‚</strong></span> <span class='ocrx_word' id='word_1_515' title='bbox 340 3979 388 4028; x_wconf 85' lang='lat' dir='ltr'><strong>quo</strong></span> <span class='ocrx_word' id='word_1_516' title='bbox 402 3980 471 4013; x_wconf 86' lang='lat' dir='ltr'><strong>sensu</strong></span> <span class='ocrx_word' id='word_1_517' title='bbox 485 3979 531 4012; x_wconf 88' lang='lat' dir='ltr'><strong>non</strong></span> <span class='ocrx_word' id='word_1_518' title='bbox 546 3978 594 4012; x_wconf 87' lang='lat' dir='ltr'><strong>uno</strong></span> <span class='ocrx_word' id='word_1_519' title='bbox 607 3965 658 4013; x_wconf 89' lang='lat' dir='ltr'><strong>loco</strong></span> <span class='ocrx_word' id='word_1_520' title='bbox 674 3964 734 4012; x_wconf 84' lang='lat' dir='ltr'><strong>dixit</strong></span> <span class='ocrx_word' id='word_1_521' title='bbox 764 3978 820 4010; x_wconf 86' lang='lat' dir='ltr'><strong>vum</strong></span> <span class='ocrx_word' id='word_1_522' title='bbox 831 3964 1002 4011; x_wconf 83' lang='lat' dir='ltr'><strong>vitiosumease.</strong></span> <span class='ocrx_word' id='word_1_523' title='bbox 1012 3963 1084 4011; x_wconf 74' lang='lat' dir='ltr'><strong>Ean.</strong></span> <span class='ocrx_word' id='word_1_524' title='bbox 1108 3963 1207 4011; x_wconf 83' lang='lat' dir='ltr'><strong>Fallitur</strong></span> <span class='ocrx_word' id='word_1_525' title='bbox 1217 3979 1282 4026; x_wconf 86' lang='lat' dir='ltr'><strong>egre-</strong></span> 
     </span>
     <span class='ocr_line' id='line_1_52' title="bbox 215 4026 1280 4091; baseline -0.004 -12"><span class='ocrx_word' id='word_1_526' title='bbox 215 4036 290 4079; x_wconf 83' lang='lat' dir='ltr'><strong>noster</strong></span> <span class='ocrx_word' id='word_1_527' title='bbox 299 4032 361 4078; x_wconf 69' lang='lat' dir='ltr'><strong>retr</strong></span> <span class='ocrx_word' id='word_1_528' title='bbox 376 4030 523 4077; x_wconf 76' lang='lat' dir='ltr'><strong>Parthorum</strong></span> <span class='ocrx_word' id='word_1_529' title='bbox 537 4031 561 4088; x_wconf 91' lang='grc'>2,</span> <span class='ocrx_word' id='word_1_530' title='bbox 577 4028 617 4077; x_wconf 72' lang='grc'><strong>60.</strong></span> <span class='ocrx_word' id='word_1_531' title='bbox 635 4036 669 4076; x_wconf 86' lang='lat' dir='ltr'><strong>est</strong></span> <span class='ocrx_word' id='word_1_532' title='bbox 690 4044 732 4091; x_wconf 86' lang='lat' dir='ltr'><strong>po·</strong></span> <span class='ocrx_word' id='word_1_533' title='bbox 763 4026 801 4089; x_wconf 87' lang='lat' dir='ltr'><strong>gie</strong></span> <span class='ocrx_word' id='word_1_534' title='bbox 818 4027 895 4089; x_wconf 84' lang='lat' dir='ltr'><strong>Rhen.</strong></span> <span class='ocrx_word' id='word_1_535' title='bbox 912 4042 987 4089; x_wconf 90' lang='lat' dir='ltr'><strong>quum</strong></span> <span class='ocrx_word' id='word_1_536' title='bbox 1002 4028 1103 4089; x_wconf 82' lang='lat' dir='ltr'><strong>priorem</strong></span> <span class='ocrx_word' id='word_1_537' title='bbox 1119 4026 1203 4074; x_wconf 89' lang='lat' dir='ltr'><strong>codicis</strong></span> <span class='ocrx_word' id='word_1_538' title='bbox 1217 4028 1280 4075; x_wconf 91' lang='lat' dir='ltr'><strong>Bud.</strong></span> 
     </span>
     <span class='ocr_line' id='line_1_53' title="bbox 215 4090 1281 4156; baseline -0.005 -12"><span class='ocrx_word' id='word_1_539' title='bbox 215 4092 286 4143; x_wconf 68' lang='lat' dir='ltr'><strong>unua</strong></span> <span class='ocrx_word' id='word_1_540' title='bbox 299 4094 455 4143; x_wconf 82' lang='lat' dir='ltr'><strong>Parthorum:</strong></span> <span class='ocrx_word' id='word_1_541' title='bbox 476 4092 506 4141; x_wconf 86' lang='lat' dir='ltr'><strong>de</strong></span> <span class='ocrx_word' id='word_1_542' title='bbox 524 4093 626 4156; x_wconf 76' lang='lat' dir='ltr'><strong>inferrer</strong></span> <span class='ocrx_word' id='word_1_543' title='bbox 641 4092 688 4143; x_wconf 81' lang='lat' dir='ltr'><strong>vid.</strong></span> <span class='ocrx_word' id='word_1_544' title='bbox 703 4092 733 4146; x_wconf 81' lang='lat' dir='ltr'><strong>ad</strong></span> <span class='ocrx_word' id='word_1_545' title='bbox 762 4090 884 4140; x_wconf 86' lang='lat' dir='ltr'><strong>lectionem</strong></span> <span class='ocrx_word' id='word_1_546' title='bbox 894 4090 969 4138; x_wconf 82' lang='lat' dir='ltr'><strong>-fuisse</strong></span> <span class='ocrx_word' id='word_1_547' title='bbox 984 4091 1062 4151; x_wconf 86' lang='lat' dir='ltr'><strong>tradit,</strong></span> <span class='ocrx_word' id='word_1_548' title='bbox 1080 4093 1159 4138; x_wconf 74' lang='lat' dir='ltr'><strong>caveri</strong></span> <span class='ocrx_word' id='word_1_549' title='bbox 1176 4093 1281 4152; x_wconf 73' lang='lat' dir='ltr'><strong>indeque.</strong></span> 
     </span>
     <span class='ocr_line' id='line_1_54' title="bbox 217 4153 1282 4218; baseline -0.003 -13"><span class='ocrx_word' id='word_1_550' title='bbox 217 4159 242 4218; x_wconf 82' lang='lat'><strong>6,</strong></span> <span class='ocrx_word' id='word_1_551' title='bbox 254 4158 295 4204; x_wconf 90' lang='grc'><strong>34.</strong></span> <span class='ocrx_word' id='word_1_552' title='bbox 311 4157 382 4205; x_wconf 75' lang='lat' dir='ltr'><strong>Eun.</strong></span> <span class='ocrx_word' id='word_1_553' title='bbox 764 4153 825 4202; x_wconf 86' lang='lat' dir='ltr'><strong>Sunt</strong></span> <span class='ocrx_word' id='word_1_554' title='bbox 839 4155 890 4204; x_wconf 81' lang='lat' dir='ltr'><strong>inec</strong></span> <span class='ocrx_word' id='word_1_555' title='bbox 907 4171 923 4202; x_wconf 86' lang='lat' dir='ltr'><strong>a</strong></span> <span class='ocrx_word' id='word_1_556' title='bbox 938 4155 1038 4204; x_wconf 72' lang='lat' dir='ltr'><strong>sennua</strong></span> <span class='ocrx_word' id='word_1_557' title='bbox 1054 4170 1136 4212; x_wconf 86' lang='lat' dir='ltr'><strong>manu,</strong></span> <span class='ocrx_word' id='word_1_558' title='bbox 1150 4163 1282 4217; x_wconf 80' lang='lat' dir='ltr'><strong>restemque</strong></span> 
     </span>
     <span class='ocr_line' id='line_1_55' title="bbox 248 4218 1283 4284; baseline -0.002 -17"><span class='ocrx_word' id='word_1_559' title='bbox 248 4221 313 4267; x_wconf 79' lang='lat' dir='ltr'><strong>Auri</strong></span> <span class='ocrx_word' id='word_1_560' title='bbox 321 4222 370 4266; x_wconf 83' lang='lat' dir='ltr'><strong>vim</strong></span> <span class='ocrx_word' id='word_1_561' title='bbox 379 4228 447 4281; x_wconf 80' lang='lat' dir='ltr'><strong>atque</strong></span> <span class='ocrx_word' id='word_1_562' title='bbox 455 4222 520 4284; x_wconf 79' lang='lat' dir='ltr'><strong>oper]</strong></span> <span class='ocrx_word' id='word_1_563' title='bbox 537 4220 567 4269; x_wconf 88' lang='lat' dir='ltr'><strong>ln</strong></span> <span class='ocrx_word' id='word_1_564' title='bbox 577 4220 676 4283; x_wconf 81' lang='lat' dir='ltr'><strong>vulgatis</strong></span> <span class='ocrx_word' id='word_1_565' title='bbox 687 4229 730 4283; x_wconf 84' lang='lat' dir='ltr'><strong>est,</strong></span> <span class='ocrx_word' id='word_1_566' title='bbox 762 4219 866 4283; x_wconf 80' lang='lat' dir='ltr'><strong>vestigia,</strong></span> <span class='ocrx_word' id='word_1_567' title='bbox 883 4234 936 4283; x_wconf 84' lang='lat' dir='ltr'><strong>quoe</strong></span> <span class='ocrx_word' id='word_1_568' title='bbox 949 4218 1040 4275; x_wconf 85' lang='lat' dir='ltr'><strong>docent,</strong></span> <span class='ocrx_word' id='word_1_569' title='bbox 1051 4219 1152 4266; x_wconf 69' lang='lat' dir='ltr'><strong>adfirmes</strong></span> <span class='ocrx_word' id='word_1_570' title='bbox 1166 4221 1222 4269; x_wconf 78' lang='lat' dir='ltr'><strong>ouri</strong></span> <span class='ocrx_word' id='word_1_571' title='bbox 1233 4220 1283 4265; x_wconf 81' lang='lat' dir='ltr'><strong>vim</strong></span> 
     </span>
     <span class='ocr_line' id='line_1_56' title="bbox 215 4281 1280 4346; baseline -0.004 -11"><span class='ocrx_word' id='word_1_572' title='bbox 215 4286 294 4333; x_wconf 75' lang='lat' dir='ltr'><strong>caveri</strong></span> <span class='ocrx_word' id='word_1_573' title='bbox 313 4284 377 4329; x_wconf 64' lang='lat' dir='ltr'><strong>mm:</strong></span> <span class='ocrx_word' id='word_1_574' title='bbox 395 4292 418 4329; x_wconf 72' lang='lat' dir='ltr'><strong>et</strong></span> <span class='ocrx_word' id='word_1_575' title='bbox 435 4286 530 4335; x_wconf 82' lang='lat' dir='ltr'><strong>turbant</strong></span> <span class='ocrx_word' id='word_1_576' title='bbox 548 4283 731 4334; x_wconf 79' lang='lat' dir='ltr'><strong>in&#39;restituendo</strong></span> <span class='ocrx_word' id='word_1_577' title='bbox 761 4290 840 4344; x_wconf 76' lang='lat' dir='ltr'><strong>atque·</strong></span> <span class='ocrx_word' id='word_1_578' title='bbox 872 4282 955 4331; x_wconf 88' lang='lat' dir='ltr'><strong>Simile</strong></span> <span class='ocrx_word' id='word_1_579' title='bbox 973 4283 1031 4346; x_wconf 90' lang='lat' dir='ltr'><strong>quid</strong></span> <span class='ocrx_word' id='word_1_580' title='bbox 1046 4283 1076 4330; x_wconf 85' lang='lat' dir='ltr'><strong>in&#39;</strong></span> <span class='ocrx_word' id='word_1_581' title='bbox 1088 4282 1137 4331; x_wconf 87' lang='lat' dir='ltr'><strong>cod</strong></span> <span class='ocrx_word' id='word_1_582' title='bbox 1153 4281 1217 4329; x_wconf 87' lang='lat' dir='ltr'><strong>Flor.</strong></span> <span class='ocrx_word' id='word_1_583' title='bbox 1230 4298 1280 4331; x_wconf 86' lang='lat' dir='ltr'><strong>ver-</strong></span> 
     </span>
     <span class='ocr_line' id='line_1_57' title="bbox 214 4345 1281 4407; baseline -0.002 -12"><span class='ocrx_word' id='word_1_584' title='bbox 214 4350 265 4396; x_wconf 90' lang='lat' dir='ltr'><strong>lcoo</strong></span> <span class='ocrx_word' id='word_1_585' title='bbox 281 4346 409 4395; x_wconf 77' lang='lat' dir='ltr'><strong>Rhenanus</strong></span> <span class='ocrx_word' id='word_1_586' title='bbox 419 4354 444 4394; x_wconf 88' lang='lat' dir='ltr'><strong>et</strong></span> <span class='ocrx_word' id='word_1_587' title='bbox 456 4347 564 4397; x_wconf 86' lang='lat' dir='ltr'><strong>Maurus.</strong></span> <span class='ocrx_word' id='word_1_588' title='bbox 587 4347 730 4401; x_wconf 79' lang='lat' dir='ltr'><strong>,Mihiverae</strong></span> <span class='ocrx_word' id='word_1_589' title='bbox 761 4345 936 4407; x_wconf 64' lang='lat' dir='ltr'><strong>residem</strong></span> <span class='ocrx_word' id='word_1_590' title='bbox 943 4345 1197 4395; x_wconf 78' lang='lat' dir='ltr'><strong>PirhenseetGronovii</strong></span> <span class='ocrx_word' id='word_1_591' title='bbox 1203 4354 1281 4393; x_wconf 86' lang='lat' dir='ltr'><strong>osten-</strong></span> 
     </span>
     <span class='ocr_line' id='line_1_58' title="bbox 215 4409 1278 4477; baseline -0.006 -15"><span class='ocrx_word' id='word_1_592' title='bbox 215 4411 318 4462; x_wconf 79' lang='lat' dir='ltr'><strong>lectionis</strong></span> <span class='ocrx_word' id='word_1_593' title='bbox 327 4418 406 4460; x_wconf 81' lang='lat' dir='ltr'><strong>auctor</strong></span> <span class='ocrx_word' id='word_1_594' title='bbox 413 4409 566 4463; x_wconf 81' lang='lat' dir='ltr'><strong>Femssienue</strong></span> <span class='ocrx_word' id='word_1_595' title='bbox 575 4411 634 4463; x_wconf 84' lang='lat' dir='ltr'><strong>liber</strong></span> <span class='ocrx_word' id='word_1_596' title='bbox 646 4412 671 4462; x_wconf 90' lang='lat' dir='ltr'><strong>in</strong></span> <span class='ocrx_word' id='word_1_597' title='bbox 682 4428 730 4477; x_wconf 87' lang='lat' dir='ltr'><strong>quo</strong></span> <span class='ocrx_word' id='word_1_598' title='bbox 759 4410 801 4459; x_wconf 84' lang='lat' dir='ltr'><strong>dit.</strong></span> <span class='ocrx_word' id='word_1_599' title='bbox 836 4410 958 4475; x_wconf 77' lang='lat' dir='ltr'><strong>Ingeoioee</strong></span> <span class='ocrx_word' id='word_1_600' title='bbox 965 4410 1089 4475; x_wconf 87' lang='lat' dir='ltr'><strong>Bipontini</strong></span> <span class='ocrx_word' id='word_1_601' title='bbox 1099 4427 1129 4461; x_wconf 87' lang='lat' dir='ltr'><strong>ex</strong></span> <span class='ocrx_word' id='word_1_602' title='bbox 1139 4409 1189 4458; x_wconf 85' lang='lat' dir='ltr'><strong>cod.</strong></span> <span class='ocrx_word' id='word_1_603' title='bbox 1206 4410 1278 4458; x_wconf 78' lang='lat' dir='ltr'><strong>Fam.</strong></span> 
     </span>
    </p>
   </div>
   <div class='ocr_carea' id='block_1_5' title="bbox 0 0 1535 4950">
    <p class='ocr_par' dir='ltr' id='par_1_5' title="bbox 0 0 1535 4950">
     <span class='ocr_line' id='line_1_59' title="bbox 0 0 1535 4950; baseline 0 0"><span class='ocrx_word' id='word_1_604' title='bbox 0 0 1535 4950; x_wconf 95' lang='lat' dir='ltr'><strong> </strong></span> 
     </span>
    </p>
   </div>
  </div>
 </body>
</html>
