3042 4950
236 270 383 341 nasa]
563 265 641 325 mn.
662 264 743 323 xrv.
764 266 850 327 cnr.
868 220 981 337 sima
1243 268 1299 327 235

237 430 342 494 studia
355 429 482 493 nimiam
496 426 689 491 severitatem
703 428 969 515 adspema'ntium,
982 426 1126 515 pluribus
1140 426 1217 491 nihil
1231 448 1301 491 mu·

237 515 370 582 tandum
383 511 588 579 censentibus.
632 512 686 575 Ex
704 512 774 598 quis
789 517 827 581 C.
843 514 980 592 Cassius,
995 514 1155 577 sententia
1173 513 1251 591 loco,
1267 513 1301 576 irl

237 601 322 665 huno
335 599 464 662 modum
478 596 642 660 disseruit:
828 614 829 619 ’
880 608 883 615 ’
1025 608 1030 619 ’
1076 605 1079 613 ’

281 685 420 747 XLI'II.
444 684 698 769 “Saepenumero
712 682 749 745 P.
768 681 805 743 C.
820 678 853 741 in
872 685 931 747 hoc
946 683 1053 746 ordine
1073 683 1212 761 interfui,
1227 706 1300 747 cum

237 781 344 833 contra
357 768 500 833 instituta
511 782 543 831 et
557 768 640 853 leges
652 769 808 854 majorum
821 778 902 833 nov'a
918 772 1048 833 Senatus
1060 768 1183 831 decreta
1192 776 1300 853 postu*

237 854 398 918 larentur:
413 876 516 939 neque
528 874 599 917 sum
614 852 793 916 adversatus
805 876 814 925 3
830 876 904 933 non,
916 853 991 953 quia
1004 854 1190 931 dubitarem,
1207 872 1301 937 super

237 940 383 1003 omnibus
396 938 528 1025 negotiis
540 938 651 1002 melius
664 951 760 1023 atque
773 938 886 1003 rectius
896 939 970 1003 olim
983 938 1154 1024 provisum,
1170 946 1212 1015 et,
1228 946 1301 1022 q'uae

237 1036 500 1103 converterentur,
515 1024 548 1086 in
561 1022 698 1087 deterius
711 1024 846 1097 mutarie
870 1025 923 1087 sed
937 1046 977 1087 ne
990 1023 1086 1087 nimio
1105 1044 1209 1086 amore
1223 1022 1301 1085 anti-¹

238 1110 294 1194 qui
307 1110 402 1174 moris
416 1109 554 1173 studium
568 1130 674 1171 meum
688 1106 835 1172 extollere
849 1108 980 1173 viderer.
1017 1107 1129 1185 Simul,
1145 1106 1302 1193 quidquid

236 1194 296 1258 hoc
310 1195 343 1257 in
357 1195 446 1257 nobis
458 1193 649 1260 auctoritatis
667 1206 724 1270 est,
738 1194 853 1257 crebris
866 1192 1160 1258 contradictionibus
1179 1192 1302 1257 destrue

238 1278 354 1342 endum
377 1301 440 1341 non
462 1278 685 1355 existimabam,
713 1291 750 1340 ut
774 1290 911 1341 maneret
936 1278 1104 1363 integrum,
1127 1277 1301 1363 siquando

238 1362 429 1449 Respublica
446 1361 582 1427 consiliis
603 1362 755 1447 eguisset:
779 1362 866 1448 quod
885 1362 979 1427 hodie
1001 1361 1113 1439 evenit,
1135 1360 1300 1425 Consulari

237 1448 307 1512 viro
320 1448 406 1511 domi
422 1471 487 1511 suae
495 1446 669 1525 interfecto,
680 1470 736 1535 per
749 1447 876 1514 insidias
891 1447 1024 1525 serviles,
1036 1470 1114 1533 quas
1125 1468 1216 1515 nemo
1230 1468 1301 1533 pro-

237 1533 342 1597 hibuit
361 1547 417 1597 aut
436 1533 583 1619 prodidit,
601 1534 744 1618 quamvis
764 1534 903 1597 nondum
927 1555 1075 1597 concusso
1090 1532 1302 1615 *Senatusoom

239 1618 332 1697 sulto,
351 1618 438 1705 quod
455 1618 642 1705 supplicium
661 1618 719 1686 toti
736 1618 863 1683 familiae
881 1616 1093 1683 minitabatur.
1135 1617 1303 1681 Decernite

238 1703 364 1767 hercule
380 1703 598 1789 inpunitatem.
641 1706 700 1778 At,
722 1726 816 1789 quem
835 1704 970 1791 dignitas
985 1726 1041 1767 sua
1058 1702 1215 1779 defendet,
1228 1722 1301 1765 cum

179 1827 181 1834 ·
239 1789 432 1853 Praefectura
453 1788 540 1853 rubis
560 1810 623 1851 non
645 1788 824 1874 profuerit?
853 1812 947 1875 quern
969 1812 1118 1853 numerus
1143 1810 1303 1853 servorum

240 1873 390 1952 tuebitur,
412 1897 484 1937 cum
507 1873 681 1937 Pedanium
703 1871 885 1938 Secundum
906 1873 1126 1961 quadringenti
1146 1894 1211 1937 non
1232 1892 1304 1959 pro·

240 1959 398 2022 texerint?
412 1959 464 2021 cui
471 1958 588 2022 familia
601 1980 693 2045 opem
702 1960 792 2038 feret,
824 1982 877 2023 uae
888 1982 928 2023 ne
941 1960 974 2023 in
985 1976 1070 2025 metu
1082 1958 1209 2045 quidem
1223 1957 1305 2044 peri·

241 2042 312 2107 cula
325 2057 430 2108 nostra
448 2044 584 2107 avertit?
607 2048 673 2121 An,
689 2056 726 2107 ut
745 1982 874 2130 quidam
889 2044 1005 2131 fingere
1024 2067 1086 2109 non
1105 2044 1304 2121 erubescunt,

240 2128 371 2212 injurias
392 2152 463 2193 suas
480 2128 566 2192 ultus
586 2142 633 2195 est
650 2129 851 2195 interfectori
872 2130 1003 2216 quiade
1023 2142 1152 2217 paterna
1172 2128 1305 2214 pecunia

241 2226 442 2303 transeeerat,
453 2228 509 2277 aut
523 2213 642 2277 avitum
652 2214 842 2301 mancipium
856 2215 1101 2280 detrahebatur?
1117 2214 1304 2303 Pronuntic7

241 2319 311 2360 mus
326 2266 420 2377 ultro,
433 2298 596 2363 dominum
608 2300 681 2385 jure
696 2322 811 2364 caesum
825 2300 931 2363 videri.

285 2384 413 2449 XLIV.
452 2391 473 2422 “
492 2384 586 2449 Libet
609 2400 796 2471 argumenta
815 2387 998 2474 conquirere
1019 2386 1053 2449 in
1075 2408 1122 2463 eo,
1147 2384 1234 2471 quod
1257 2407 1305 2448 sa-

242 2561 280 2601 lar
293 2555 319 2600 la
336 2568 357 2614 q.
373 2555 389 2600 i.
406 2553 469 2616 quod
485 2554 556 2602 scorti
571 2562 627 2601 sunt
636 2555 691 2602 Ber.
702 2556 758 2604 niv.
790 2555 845 2605 MS.
858 2558 926 2606 Gorb.
943 2564 966 2604 et
982 2570 1058 2618 quem,
1074 2553 1137 2618 quod
1153 2555 1215 2602 favet
1230 2554 1308 2614 conJe·

243 2617 294 2665 Alc.
312 2616 407 2680 Lipsius
423 2633 502 2666 verum
519 2617 584 2665 vidit.
618 2619 683 2666 Nam
699 2619 758 2666 nihi]
790 2629 860 2670 cturae
882 2621 965 2672 Rben.
993 2619 1055 2667 Mox
1078 2619 1150 2667 MSS.
1169 2617 1247 2680 plures
1262 2633 1307 2680 ap.

242 2691 284 2736 est,
301 2681 332 2727 ad
347 2681 411 2744 quod
428 2681 584 2729 nominativus
602 2684 703 2729 Senatus
721 2699 758 2730 re·
790 2685 856 2732 Brot
878 2687 925 2732 cai.
958 2683 1029 2732 Eun.
1064 2681 1142 2731 Rhen.
1164 2681 1261 2730 servavit
1282 2687 1308 2728 at

243 2745 337 2794 feretur.
354 2745 415 2793 Mox
424 2745 479 2794 MS.
487 2745 550 2793 Flor.
558 2745 626 2793 etad.
633 2761 670 2808 pr.
678 2746 759 2794 vitiose
791 2764 865 2810 quem.
877 2747 941 2796 Bud.
952 2763 1005 2795 cnm
1012 2749 1141 2810 proficias
1152 2745 1233 2794 urbii.-
1245 2745 1307 2792 unde

243 2811 410 2871 multandum.-
432 2819 492 2858 recte
507 2817 586 2856 contre
602 2823 632 2856 ac
653 2813 715 2870 qula,
732 2819 760 2858 ut
790 2817 813 2860 2.
825 2829 857 2860 m.
869 2813 973 2861 fecitcai
984 2813 1136 2876 prestolare.
1168 2811 1230 2858 Mox
1244 2809 1308 2858 idern

243 2888 312 2935 sepe·
329 2873 402 2937 Vulg.
415 2876 496 2935 quibas
507 2873 621 2936 usquead
631 2874 758 2936 Ryckium.
791 2879 944 2940 opemferrt:
959 2885 982 2924 et
991 2893 1015 2938 p.
1027 2891 1051 2938 p.
1061 2891 1127 2924 anne.

178 2933 182 2941 “
243 2938 316 2986 nar.
331 2963 335 2972 ·
349 2937 411 2984 Bud.
423 2938 640 2985 mutandum...e.c
651 2940 742 2998 quitur.
825 2943 978 2990 Neinmeta
994 2941 1098 3004 quidem]
1111 2939 1211 3002 Agnae
1226 2939 1306 2985 sulm.

219 3044 222 3048 .
278 3004 308 3050 C.
321 2999 427 3061 Cassiae]
441 3002 532 3064 legum
542 3003 613 3064 probe
624 3017 709 3064 gnarus
721 3004 763 3063 12,
792 3019 813 3067 q.
822 3023 849 3068 p.
860 3023 885 3054 η.
896 3007 1092 3066 avernreprabar
1105 3005 1187 3052 Heius.
1221 3017 1225 3022 ·
1263 3053 1265 3060 ,

247 3068 285 3113 12.
318 3065 356 3112 ef.
369 3065 521 3128 Ryclnadd,
535 3065 573 3113 15.
607 3065 692 3114 Paullo
707 3077 761 3131 post
819 3070 929 3134 Avertit]
943 3067 1051 3132 Suspicor
1061 3068 1172 3116 Tacitum
1183 3065 1307 3130 scripsisse,

154 3178 157 3184 ,
245 3129 311 3177 Bud.
322 3131 405 3177 arctim
415 3144 442 3177 ac
453 3131 546 3176 rectius.
794 3149 863 3196 quam
871 3149 900 3182 ne
908 3136 934 3180 ln
942 3139 1005 3181 meta
1014 3133 1106 3194 quidem
1113 3133 1220 3194 pericula
1229 3135 1310 3178 nostra

278 3194 348 3257 Quod
371 3196 395 3241 h.
413 3193 502 3257 crarta]
523 3195 561 3242 sic
580 3193 654 3242 MSS.
670 3194 706 3242 ed.
724 3211 760 3258 pr.
793 3200 926 3246 advertunt.
959 3197 1184 3246 Sichabesverbum
1195 3194 1311 3259 exquisito

246 3257 323 3304 Rben.
333 3265 356 3305 et
367 3273 430 3368 seqq.
448 3257 521 3304 Ined.
530 3259 621 3305 Puteal.
632 3262 696 3306 venit
705 3260 761 3308 vitio
794 3263 835 3310 illo
849 3279 903 3321 usu,
915 3277 961 3326 quo
978 3276 1025 3309 esse
1039 3261 1096 3308 solet
1106 3259 1229 3318 interdum
1245 3257 1311 3322 apud

245 3323 411 3383 opnarumri
443 3331 521 3368 tamen
536 3329 631 3370 tenuere
646 3323 701 3371 Riv.
714 3324 762 3371 Be.
794 3335 898 3374 nostrum
910 3337 932 3374 et
944 3325 1046 3374 Livium.
1071 3325 1166 3374 (inor.
1195 3325 1230 3373 Ut
1241 3322 1309 3384 edidi,

246 3386 346 3441 waldus,
357 3385 474 3433 AlsslsslUS·
507 3384 580 3433 ERN·
795 3391 864 3438 estin
876 3391 926 3438 edd.
938 3399 991 3437 vett
1006 3391 1121 3444 omnibus,
1134 3389 1196 3436 unde
1210 3385 1311 3440 restituit

278 3454 322 3506 At,
351 3463 419 3510 quem
444 3451 548 3510 digniter
574 3465 618 3496 erro
644 3451 761 3516 desendet]
793 3456 843 3514 jam
855 3453 961 3518 Ryclrius
969 3455 1010 3516 (ex
1018 3453 1099 3516 Aga).
1115 3454 1230 3500 Advertit
1238 3451 1311 3500 edidit

246 3513 324 3560 Rben.
342 3529 356 3560 e
372 3513 427 3562 MS.
439 3513 502 3561 Bud.
516 3521 581 3561 notat
592 3521 619 3562 at
630 3531 715 3577 quem.-
732 3531 762 3563 ex
795 3517 889 3580 Lipsius
901 3525 923 3566 et
933 3533 995 3582 seqq.
1007 3518 1069 3580 quod
1080 3526 1103 3566 et
1118 3517 1173 3566 MS.
1183 3515 1258 3580 (Bud.
1274 3515 1309 3578 ct)

245 3576 342 3624 alihnil
356 3586 463 3624 notatum
474 3575 548 3625 video.
581 3579 617 3626 At
630 3580 763 3638 mirum,ni
796 3582 875 3630 Guelf.
892 3581 991 3630 exhibet.
1024 3583 1127 3645 Elegans
1142 3589 1220 3628 tamen
1235 3589 1269 3628 est
1283 3579 1314 3628 J.''

245 3639 284 3686 hic
300 3641 419 3688 dissentiat
430 3643 485 3690 MS.
496 3641 558 3689 Flor.
575 3658 630 3690 cum
646 3642 765 3691 damna
796 3645 824 3694 F.
837 3647 1094 3708 Gronoviiconjeotum.
1129 3645 1201 3694 ΕΒΗ.
1310 3659 1313 3664 “

246 3704 282 3751 od.
299 3719 334 3766 pr.
349 3720 450 3768 quaeum
466 3715 514 3752 tam
532 3722 591 3770 sape
607 3707 714 3754 convenit
729 3708 764 3754 illi
783 3727 801 3773 t¹
831 3711 893 3767 Qala
910 3713 937 3758 dc
950 3717 1050 3772 paterno
1062 3711 1177 3774 pecunia]
1194 3709 1266 3757 Abite
1282 3709 1314 3766 siz⁴

246 3769 341 3830 optime.
374 3769 413 3816 Ea
433 3769 510 3823 habet.
529 3775 556 3818 ut
576 3786 648 3832 quenz*
660 3773 765 3833 dignitas
795 3775 872 3822 nistrae
882 3789 979 3822 manus:
997 3774 1056 3821 nihil
1066 3775 1214 3822 mutandum.
1229 3785 1232 3791 ’
1246 3773 1315 3835 ilipa:

246 3847 290 3879 suo
305 3834 421 3910 defiadat,
438 3835 622 3901 cuiPrmfictus
638 3837 704 3911 arbja
717 3837 768 3883 ποκ’
796 3847 858 3892 eruar
877 3839 921 3886 ista
939 3847 961 3886 et
984 3839 1006 3900 ἐξ
1026 3839 1179 3892 ἀντιστάσεως
1200 3836 1317 3902 capienda·

243 3897 769 4025 ggqeeqtzral’rrgsgrqematqundlodpppspgg
797 3903 1053 4028 ffllLibcddigamcata
1072 3969 1218 4030 conquirere]
1237 3965 1313 4019 luten,

248 4025 404 4086 commodum,
419 4034 446 4073 nt
460 4027 531 4075 sensit
545 4027 615 4074 etiam
626 4028 765 4086 Rhenanus,
797 4031 921 4094 rogationis
942 4040 997 4080 nota
1016 4039 1050 4080 est
1071 4029 1268 4090 aFreinshemio,
1290 4037 1314 4088 et

249 4089 290 4152 qui
300 4089 391 4138 volebat
401 4105 499 4152 ecquam.
517 4091 547 4138 In
555 4091 596 4138 illo
604 4093 767 4141 autemnonia
798 4095 830 4144 sic
845 4096 950 4159 placebat
960 4095 1053 4144 Ursino.
1087 4093 1232 4145 'Sensus'eslr
1251 4095 1312 4144 Fru-

249 4153 471 4202 bellecontinaatur.
501 4156 633 4217 Vulgarum
644 4157 766 4204 estaPu·
798 4167 844 4207 stra
860 4153 1001 4223 argumenlis
1017 4159 1231 4220 demonstrabimus,
1249 4155 1313 4224 qnod
1343 4179 1344 4184 ¹
1447 4211 1450 4218 ,

248 4216 345 4272 trolano.
357 4219 399 4280 qui
414 4219 463 4266 hee
473 4219 622 4284 sequentibus
637 4220 723 4269 similis
733 4221 767 4269 ef·
799 4225 904 4286 majores,
915 4225 981 4273 nobis
991 4225 1054 4272 haud
1069 4225 1147 4288 paullo
1158 4223 1318 4288 sapientiores,

251 4281 407 4330 ficerevolnit.
440 4284 520 4332 Guelf.
533 4289 603 4345 atque
617 4285 669 4334 da.
687 4287 767 4350 desem
799 4303 824 4336 re
840 4289 894 4336 satis
910 4288 1034 4337 deliberata
1048 4291 1097 4352 jam
1114 4289 1237 4338 decrevere.
1271 4287 1313 4336 Se-

251 4347 300 4402 det,
313 4346 350 4393 vel
359 4349 398 4392 orci
410 4349 555 4410 prefictnra
571 4350 637 4397 arlia
650 4365 696 4398 non
709 4365 768 4412 pro·
800 4353 894 4416 quentia
905 4353 1032 4402 Rhenanus
1047 4354 1079 4402 sic
1093 4369 1147 4402 curn
1160 4351 1312 4402 antecedenti-

244 4411 308 4471 sait.
341 4411 376 4458 At
385 4410 440 4461 MS.
452 4413 512 4476 Reg.
522 4414 639 4477 ep..B1ot.
654 4421 680 4463 nt
692 4430 766 4476 Μ.
800 4419 844 4470 bus
865 4417 1025 4482 wnjungenda
1046 4427 1135 4468 censet:
1160 4433 1187 4466 ac
1208 4421 1230 4466 st
1251 4427 1313 4466 nuno
