3042 4950
243 245 276 285 A.
290 248 316 287 ο.
331 228 396 302 sa]
619 228 694 287 un.
716 228 788 289 rur.
810 230 900 287 cir.
920 235 966 289 m.
1257 234 1310 294 ru

242 416 332 457 amen
342 392 449 481 apium
465 388 594 463 insedit;
611 389 757 457 biformes
771 391 933 453 hominum
948 405 1074 479 partus;
1088 408 1121 457 et
1129 389 1194 458 suis
1205 394 1304 460 fetum

241 478 372 557 editum,
386 477 437 541 eui
452 475 632 561 aecipitrum
649 496 771 561 ungues
789 474 930 540 inessent.
976 478 1208 543 Numerabatur
1221 482 1302 544 inter

241 575 361 627 ostenta
381 560 560 625 deminutus
582 560 721 624 omnium
747 561 986 647 magistratuum
1010 584 1176 637 numerus3
1206 566 1303 637 Quae·
1361 624 1364 627 ,

241 663 331 725 sture,
354 646 466 725 AEdili,
487 646 642 725 Tribuno,
660 668 696 709 ac
714 648 859 711 Praetore
873 658 905 711 et
924 647 1071 724 Consule,
1089 670 1204 733 pauoos
1223 650 1305 713 intra

240 755 369 809 menseS,
384 732 548 796 defunctis.
572 732 636 795 Sed
650 731 682 793 in
697 732 855 817 praecipuo
867 756 983 819 pavore
997 732 1183 819 Agrippina,
1195 758 1302 797 vocem

242 817 377 895 Claudii,
392 840 487 903 quam
502 816 689 881 temulentus
699 818 829 901 jecerat,
854 826 875 855 ‘⁶
890 818 983 881 fatale
997 818 1064 894 sibi,
1080 835 1117 881 ut
1130 820 1303 905 conjugum

240 902 359 989 flagitia
368 903 473 981 ferret,
484 902 555 966 dein
567 901 721 989 puniret,''
735 916 885 979 metuens,
897 926 988 989 egere
999 917 1030 966 et
1041 904 1172 967 celerare
1183 906 1302 982 sta'tuit,
1317 968 1319 973 .

238 988 362 1075 perdita
374 988 462 1085 prius
475 987 614 1066 Domitia.
628 986 761 1073 Lepida,
777 986 981 1052 muliebribus
994 989 1126 1052 caussis:
1150 990 1224 1076 quia
1240 992 1302 1053 Le-

237 1074 322 1162 pida,
351 1096 469 1137 mmore
496 1072 636 1137 Antonia
664 1072 780 1157 genita,
809 1073 964 1136 avunculo
995 1076 1154 1159 Augusto,
1185 1076 1304 1162 Agrip-

240 1282 265 1315 re
286 1268 401 1315 involvere
422 1267 491 1313 nubea
514 1266 640 1315 Cerrerrmt
662 1265 754 1326 aquilia.
825 1265 980 1324 neminum]
1015 1266 1053 1313 Sic
1067 1264 1116 1312 ood.
1129 1264 1190 1312 Flor.
1201 1274 1224 1313 et
1237 1266 1300 1313 Bud.

241 1332 323 1379 Nubes
335 1330 427 1395 apium,
440 1330 547 1379 examina
559 1339 633 1388 voeet,
649 1346 702 1393 quae
717 1328 755 1375 in·
787 1329 858 1390 vulgo
867 1330 1005 1376 diminutus.

240 1394 347 1443 aederunt
368 1395 441 1459 signa.
475 1394 547 1452 Quod
570 1394 681 1457 sequitur,
704 1395 754 1439 auis
820 1395 917 1441 Perdita
930 1396 1002 1455 priua
1013 1394 1134 1455 Domitio}
1162 1394 1302 1456 ,Nemotahr

177 1506 179 1514 ,
232 1460 301 1523 setus
317 1460 400 1520 editor,
415 1458 479 1507 libris
495 1458 602 1506 omnibus
618 1465 666 1503 erat
674 1458 755 1520 selum
786 1457 944 1519 inconspeetus
958 1457 983 1503 in
994 1457 1099 1519 legendo,
1111 1456 1152 1520 qui
1162 1457 1245 1504 vitium
1256 1472 1301 1504 non

241 1525 348 1571 editum.-
365 1532 388 1571 et
398 1523 491 1571 fortusse
505 1521 640 1569 nominandi
654 1536 707 1570 earu
723 1522 754 1568 sic
786 1522 940 1569 videaturale
957 1522 1064 1569 haererrtis
1083 1532 1106 1569 et
1121 1521 1234 1569 inooibilis
1250 1536 1302 1568 ore-

240 1587 340 1635 dixerint
350 1587 420 1636 etiam
430 1586 527 1651 antiqui.
550 1586 625 1633 Iura.
785 1586 861 1633 tionis.
893 1585 1006 1644 Domitia,
1017 1586 1102 1649 inquit,
1113 1586 1201 1648 perdita
1211 1594 1260 1640 este
1273 1592 1301 1647 ,et

272 1653 393 1714 Bifirrmer
403 1653 524 1699 homiuem
538 1650 578 1713 p.]
603 1648 708 1713 Ryckius
718 1648 755 1695 in·
787 1651 865 1697 subdit
876 1650 943 1713 quasi
953 1649 982 1697 de
992 1650 1046 1703 alia,
1056 1650 1112 1713 quia
1121 1650 1181 1697 inter
1186 1650 1302 1713 Lepidam

212 1772 214 1781 .
238 1716 325 1777 telligit
334 1718 549 1777 hippocentaurum,
565 1728 638 1777 quem,
647 1713 707 1761 Plin.
720 1713 753 1761 H.
788 1724 811 1761 et
831 1714 988 1777 Agrippinam
1010 1714 1131 1761 ,emulatio
1148 1716 1302 1770 exercebatur.

242 1780 275 1827 N.
292 1780 316 1839 7,
334 1782 357 1828 3.
372 1780 441 1827 tradit
455 1778 553 1827 Claudio
566 1778 692 1840 imperante
707 1777 756 1825 Ro·
788 1778 883 1841 Corrige
898 1794 958 1837 vero,
976 1789 999 1825 et
1016 1778 1087 1825 reduc
1102 1779 1244 1825 abenantem
1262 1793 1303 1825 vo-

240 1843 463 1907 mamexAEgypto
472 1842 692 1891 ellatuminmelle.
721 1841 755 1889 Et
788 1858 855 1890 cem:
875 1844 971 1904 perdito
991 1844 1064 1905 prius
1084 1844 1193 1889 Domitia
1212 1844 1304 1904 Lepide

240 1908 348 1955 diormtur
358 1908 468 1956 Centauri
484 1907 562 1968 διφυεῖς
578 1905 699 1954 biformear
718 1920 755 1969 ap.
787 1908 874 1954 beibur
883 1914 905 1955 et
916 1907 1065 1963 muliebribru
1075 1909 1178 1953 caussis:
1191 1910 1246 1968 quio
1254 1909 1304 1953 mi·

242 1972 290 2020 cte
302 1972 373 2021 Ture.
387 1976 409 2026 2,
425 1974 448 2021 8.
459 1973 597 2034 bisornmter
613 1972 713 2033 impetus
727 1970 756 2018 de
788 1986 844 2018 nore
854 1973 959 2018 Antonia
968 1972 1057 2033 genito.
1091 1970 1183 2019 Scilicet
1197 1971 1241 2019 On.
1252 1971 1303 2018 Do-

242 2036 364 2084 Gentauro.
382 2042 384 2045 '
399 2036 452 2097 Sed,
476 2035 531 2099 quie
551 2035 637 2098 plurali
660 2048 756 2081 numero
787 2035 854 2081 mitio
866 2035 1082 2093 duasfuiseefiliaa,
1095 2050 1194 2098 quarum
1208 2045 1305 2097 utraque

241 2102 315 2149 utitur
332 2099 434 2159 Tacitus,
452 2098 557 2157 arbitror,
575 2098 644 2147 etiam
661 2096 690 2144 de
705 2097 756 2145 aliie
788 2098 894 2146 Domitia
908 2098 983 2161 gentis
999 2098 1094 2146 nomine
1107 2098 1183 2153 dictur
1200 2099 1241 2146 sed
1259 2101 1304 2146 mi·

241 2172 264 2211 et
284 2162 389 2227 pluribus
407 2162 506 2225 intelligi
522 2176 595 2223 posse,
613 2162 683 2209 etium
703 2161 756 2208 her·
788 2176 838 2221 nor,
855 2163 886 2210 de
901 2178 949 2226 qua
962 2162 1008 2220 hic,
1023 2162 1196 2213 discriminendi
1213 2178 1303 2218 mussa,

241 2228 399 2291 maphrodlh's,
418 2228 503 2291 quibus
526 2228 620 2289 duplex,
645 2226 756 2287 ambiguo
788 2240 843 2273 urm
858 2226 954 2289 Lepide
969 2228 1111 2289 eognomine
1143 2227 1181 2275 Ea
1195 2242 1258 2275 nuno
1273 2228 1305 2274 ad

242 2301 329 2341 nature
343 2307 358 2339 a
372 2290 462 2340 Latinis
476 2290 592 2339 tribuitur.
622 2290 660 2339 sie
672 2290 757 2337 obdu·
788 2300 887 2339 mortem
895 2290 982 2338 adacta.
996 2290 1120 2339 Suetonius
1128 2292 1183 2338 Ner.
1193 2292 1216 2345 7.
1233 2293 1306 2339 Ami·

241 2357 325 2421 plieem
341 2356 422 2405 faeiem
435 2354 539 2404 biformia
549 2354 626 2402 Janua
636 2368 675 2416 ap.
686 2352 757 2403 ovid.
790 2361 839 2401 tam
857 2355 973 2417 Lepidum
994 2370 1058 2402 ream
1077 2358 1209 2403 cremento
1225 2370 1304 2403 eorem

242 2422 305 2469 Fert.
325 2421 346 2482 l,
364 2424 404 2469 89.
436 2420 575 2483 Androgyui
593 2426 671 2467 autem
687 2418 757 2466 etiem
788 2420 890 2481 adfluo,
907 2421 1047 2482 gratificans
1064 2422 1146 2478 metri,
1168 2434 1183 2465 o
1197 2435 1243 2482 quo
1263 2436 1304 2467 reo

242 2485 305 2550 apud
320 2485 472 2548 Livinmssl,
494 2483 601 2531 12.inter
614 2482 719 2546 prodigia
733 2492 757 2531 et
784 2486 943 2546 prentebotur.
975 2485 1012 2531 At
1022 2484 1127 2531 Domitia
1136 2485 1208 2532 altera
1223 2500 1304 2548 super.

242 2550 337 2613 quidem
362 2548 530 2598 obsoenissima
566 2547 675 2596 Ceterum
702 2562 757 2595 eon-
788 2548 855 2607 vixit,
878 2556 901 2596 et
920 2549 1007 2596 mentio
1028 2549 1079 2608 ejus
1103 2548 1142 2607 13,
1169 2550 1205 2597 19.
1225 2558 1306 2612 eatque

239 2615 309 2676 junxi
319 2619 374 2662 o'um
386 2611 541 2677 sequentibus,
553 2621 581 2658 ut
591 2620 625 2659 est
635 2609 660 2658 in
671 2611 707 2658 ed.
720 2611 756 2673 pr.
788 2626 876 2660 veneno
893 2612 983 2660 sublata
998 2628 1013 2660 a
1029 2612 1130 2671 Nerone,
1151 2613 1231 2675 paullo
1252 2625 1304 2676 post

243 2679 333 2726 Puteol.
355 2679 409 2726 Ber.
428 2677 484 2724 Alo.
517 2675 611 2724 Primus
633 2673 755 2738 (enuit.)
788 2686 887 2724 mortem
897 2677 984 2724 matria.
1016 2676 1079 2724 Vide
1088 2678 1153 2725 Suet.
1164 2677 1220 2724 Ner.
1230 2679 1304 2725 :ibet
1398 2710 1403 2718 ·

165 2749 166 2752 ’
241 2743 338 2792 diremit
355 2743 482 2790 Rhenanus
505 2739 638 2803 interposito
660 2748 755 2801 puncto,
788 2739 879 2804 Xiphil.
897 2740 938 2799 61,
960 2741 997 2796 17.
1026 2740 1100 2788 era.
1134 2742 1227 2805 Nempe
1249 2751 1304 2788 ante

242 2823 312 2870 quem
320 2821 399 2854 omues
407 2805 478 2854 secuti
486 2812 547 2852 sunt.
579 2803 672 2852 Deinde
683 2804 756 2852 MSS.
788 2814 851 2853 erata
870 2808 992 2866 ΜΛ).
1011 2807 1139 2852 bethorot
1159 2822 1191 2852 m.
1209 2821 1228 2852 e.
1246 2807 1302 2867 qaia

158 2920 165 2933 ‚
243 2880 267 2918 et
283 2871 335 2918 edd.
351 2879 405 2920 vett.
420 2884 500 2918 omnes
510 2870 592 2932 setam
608 2869 716 2924 editum
733 2878 756 2916 et
787 2870 897 2930 Lepidm
922 2869 986 2932 quod
1012 2868 1116 2932 primum
1142 2870 1215 2933 reperi
1241 2870 1305 2933 apud

242 2935 298 2984 MS.
318 2933 380 2984 Flor.
400 2933 452 2982 edd.
470 2943 524 2981 vett.
544 2939 597 2980 ante
615 2931 756 2980 Rhenanam
788 2933 879 2981 Puteol.
891 2942 914 2982 et
923 2933 978 2982 MS.
990 2933 1068 2981 Guelf.
1092 2934 1122 2980 in
1136 2934 1191 2982 MS.
1202 2935 1264 2982 Flor.
1280 2944 1304 2981 et
1408 2980 1410 2983 .

242 3003 350 3058 inessent,
365 3013 407 3061 pro
422 3012 468 3062 quo
482 2996 520 3044 hie
530 2995 616 3044 dedite
629 2995 678 3044 eod.
692 2996 756 3044 Bud.
787 2997 823 3044 ed.
832 3012 867 3058 pr.
876 2999 1048 3046 estDomitiele
1057 3000 1115 3044 mal.
1125 3002 1231 3046 censete.-
1248 2998 1303 3046 hino

242 3070 326 3111 eraut.-
342 3063 412 3126 idque
426 3062 499 3110 secuti
517 3067 572 3108 suut
588 3075 662 3123 usque
675 3060 706 3107 ad
717 3061 756 3106 Pi.
786 3062 875 3108 levibus
890 3069 914 3109 et
928 3061 1060 3116 formatum,
1078 3077 1133 3110 cum
1149 3063 1240 3110 deberet
1255 3077 1305 3110 ease

241 3127 346 3176 cheriem.
378 3129 453 3174 Fetus
476 3127 552 3174 editae
577 3124 639 3172 unde
661 3124 755 3184 venerit,
788 3127 887 3188 Lep-ide,
907 3134 934 3172 ut
948 3125 1043 3189 Lipsius
1060 3127 1133 3173 voluit
1147 3136 1170 3173 et
1188 3128 1256 3175 Torr.
1272 3127 1304 3173 ad

241 3191 324 3244 neaoio.
358 3191 512 3240 Meleautem
522 3188 626 3253 Ryekiue
642 3185 755 3236 hieeeon-
788 3191 853 3238 Suet.
868 3190 925 3237 Ner.
942 3191 964 3236 5.
998 3190 1118 3237 Librarius
1133 3191 1215 3238 deinde
1230 3191 1303 3238 voluit

239 3256 319 3318 Jungit
336 3269 390 3303 oum
409 3255 583 3302 numerabatur.
616 3255 685 3300 Inter
698 3267 757 3316 μοι,
787 3254 894 3302 resarcire
910 3251 1038 3316 peceatum,
1052 3263 1076 3301 et
1092 3254 1166 3305 alieno
1181 3255 1232 3302 looo
1247 3255 1302 3302 eori-

242 3321 309 3382 dtgia
320 3321 442 3368 uenerari
458 3317 541 3367 dieitur
554 3317 645 3365 hide
654 3331 686 3377 re,
704 3332 757 3379 quea
785 3317 833 3380 psit
849 3319 956 3379 Lepido:
981 3332 1123 3380 quamquam
1142 3319 1211 3366 etiam
1230 3319 1302 3366 eltero

241 3383 332 3448 proprie
350 3399 398 3431 non
415 3391 457 3445 eat
480 3381 520 3430 sed
541 3389 634 3445 propter
648 3388 756 3430 eventum
786 3381 837 3430 loco
854 3397 938 3430 nomen
960 3380 1019 3428 iilud
1039 3381 1094 3428 terri
1111 3397 1178 3444 posse
1197 3383 1301 3430 arbitror.

242 3463 286 3512 pro
302 3448 406 3512 prodigio
422 3447 526 3496 hebetur.
558 3446 597 3494 Ex
612 3460 659 3509 quo
674 3459 756 3508 genere
786 3447 872 3508 Itaque
893 3455 945 3508 post
963 3445 1067 3493 Freineh.
1087 3445 1188 3493 Gronov.
1209 3456 1232 3494 et
1251 3447 1302 3508 Ry-

178 3519 180 3524 ’
243 3521 277 3560 eet
291 3527 353 3560 more
363 3511 539 3586 magistratuum
552 3523 582 3556 ex
592 3509 656 3558 omni
666 3524 755 3571 genere
787 3509 866 3558 chium
882 3510 936 3557 dedi
951 3511 1061 3556 Domitia
1072 3511 1164 3572 Lepido
1179 3512 1300 3558 muliebri·

241 3574 288 3626 Sed
302 3575 363 3625 fetus
377 3587 423 3623 eure
440 3589 493 3623 oum
509 3573 621 3636 aodpiuie
639 3573 757 3636 unguibus
787 3576 829 3622 tue
840 3577 935 3622 oearrte
951 3575 1021 3621 Eun.
1045 3574 1233 3623 Budtevibmet
1244 3577 1302 3622 mul.

242 3656 331 3704 semper
346 3639 478 3703 prodigium
494 3637 546 3685 fuit.
578 3637 634 3684 Nou
652 3636 757 3684 animad-
787 3654 808 3686 e.
844 3638 899 3687 Vox
921 3639 1030 3686 Domitia
1050 3639 1155 3702 suppleta
1177 3641 1202 3686 in
1225 3655 1302 3703 marg.

241 3702 490 3763 verteruntviridoeti,
504 3701 680 3763 intelligendum
694 3717 758 3755 aaa·
789 3703 891 3751 Pithone
908 3704 997 3766 primus
1017 3703 1095 3751 locum
1117 3703 1223 3763 restituit,
1242 3719 1303 3768 prae·

242 3769 359 3828 cuntur,
364 3769 494 3832 serebatur.
512 3767 578 3828 Saepe
588 3765 651 3830 apud
662 3764 758 3813 Livium
788 3768 861 3816 iverat
871 3765 972 3829 Lipsius.

243 3843 266 3882 et
280 3840 385 3882 nostrum
401 3831 473 3880 oratio
488 3831 589 3878 subitoe
605 3837 666 3878 reeta
679 3829 706 3876 fit
715 3831 757 3878 ob·
821 3832 1130 3896 MmoreAntouiogentta]
1147 3832 1249 3895 culpent
1255 3849 1302 3891 me,

243 3898 317 3961 lique,
332 3905 451 3944 etoontra.
483 3895 514 3944 V.
527 3893 557 3944 ed
570 3893 642 3954 1‚36.
676 3893 758 3942 Sedsi
789 3895 1157 3960 quodnoneeripeermajm.
1189 3898 1245 3959 Non
1255 3911 1302 3949 me,

243 3961 414 4019 libriiaverent,
425 3969 503 4008 tamen
513 3957 642 4022 praefenem
653 3957 758 4006 nomine-
789 3960 830 4008 aad
844 3960 961 4007 Tacitum.
994 3957 1033 4006 Ita
1050 3960 1214 4008 enim‘itemm
1233 3961 1304 4008 sensit

245 4025 310 4074 titos.
337 4025 408 4073 Eure.
439 4025 477 4073 Sic
499 4024 553 4085 Bip.
589 4023 675 4070 Contra
694 4021 756 4070 hall.
789 4024 924 4088 scripsitque
934 4022 1044 4083 noeterli,
1053 4026 1093 4072 it.
1128 4026 1303 4074 Gir-Domitiae

244 4089 396 4152 subintelligit
405 4090 553 4146 umwiehoot,
566 4087 683 4150 serebant,
694 4085 757 4150 quod
789 4090 881 4147 eiectae,
892 4090 932 4134 eui
941 4089 1019 4134 minor
1029 4089 1134 4151 Aatouio
1147 4089 1245 4135 octavia
1259 4090 1306 4150 gel

247 4153 337 4202 admitti
347 4161 427 4216 potest.
457 4152 578 4216 Singulare
588 4159 629 4208 est,
645 4149 708 4215 quod
723 4166 758 4198 re·
789 4155 841 4199 atta
852 4155 878 4199 iu
887 4154 1065 4199 motrtnwnium
1075 4155 1178 4199 deretur.
1196 4151 1233 4198 At
1240 4152 1301 4200 enim

246 4217 292 4264 fert
310 4217 414 4280 Phlegon
431 4217 460 4264 de
477 4217 558 4264 mirab.
576 4231 596 4263 c.
614 4216 653 4270 23,-
687 4216 758 4264 Corre-
791 4217 854 4265 Suet·
864 4225 887 4264 et
895 4217 960 4264 Piae
969 4216 1041 4264 aliter.
1058 4215 1123 4274 Quid
1133 4217 1303 4277 ergoenovum

248 4283 366 4330 Gallicani
385 4297 445 4328 uuor
460 4283 541 4330 Reum
558 4281 672 4343 insertam
688 4280 760 4327 edidit
792 4289 835 4339 eet,
846 4281 995 4329 ntdissensua
1005 4279 1089 4342 eliquia
1103 4280 1237 4342 scriptorum
1253 4280 1302 4327 eit?

249 4347 324 4406 capue
340 4345 464 4394 Anubidis.
497 4345 554 4392 Alia
571 4360 593 4392 v.
611 4360 648 4406 ap.
664 4345 759 4394 Furtim·
793 4346 827 4392 Et
837 4353 914 4393 tamen
926 4344 988 4391 Plut
1001 4344 1152 4392 olereidnon
1163 4343 1232 4391 dicite
1244 4344 1303 4391 clere

248 4409 364 4459 lebetum.
515 4452 517 4456 .
692 4437 695 4446 ·
796 4409 858 4457 Suet.
871 4408 951 4467 fateor,
964 4408 1151 4471 pluaunoloeo:
1168 4408 1305 4469 aedourur·
