3042 4950
849 109 858 153 l

237 272 318 356 asc.
331 278 394 351 50]
603 279 766 342 max-11.
794 282 880 344 cnr.
896 290 941 344 14.
1271 295 1309 351 ss

244 444 342 530 quod,
366 455 521 530 postremo
544 443 623 508 inter
658 445 792 510 Darium
822 457 917 532 atque
939 446 1301 539 Alexandrum¹proelio,

244 532 409 594 Persarum
435 528 496 606 illic
524 552 598 616 opes
620 531 828 594 conciderant.
879 535 1004 596 Interea
1028 537 1190 616 Gotarzes,
1214 540 1301 625 apud

242 626 389 691 montem,
401 612 452 678 cui
466 636 579 678 nornen
587 617 757 694 Sombulos,
767 631 840 680 vota
854 616 924 680 Diis
937 617 997 681 loci
1011 622 1204 708 suscipiebat,
1221 646 1301 708 prae-
1368 688 1371 693 .

243 699 335 784 cipua
347 698 495 848 religione
511 701 659 780 Herculi;
705 701 747 779 ui,
758 716 896 788 tempore
910 714 1000 782 stato,
1012 728 1069 791 per
1082 707 1220 791 quietem
1235 730 1300 772 mo-

239 793 294 848 'net
310 787 402 849 Sacer
425 797 500 864 otes,
518 791 538 824 “
548 797 595 864 ut,
608 724 759 872 tempium
771 787 874 872 juxta,
889 811 986 874 equos
999 791 1122 854 venatui
1135 791 1299 856 adornatos

240 870 350 934 sistant
362 872 389 933 :''
411 871 495 956 equi,
505 871 560 934 ubi
575 871 734 957 pharetras
748 871 818 936 telis'
829 887 955 937 onustas
968 897 1121 961 accepere,
1132 899 1188 962 per
1202 876 1298 940 saltus

240 953 323 1041 vagi,
330 968 420 1020 nocte
437 955 574 1035 demum,
590 957 694 1022 vacuis
704 957 867 1048 pharetris,
882 959 981 1022 m'ulto
994 982 1066 1024 cum
1080 961 1217 1024 anhelitu
1228 962 1298 1025 red-

239 1052 324 1104 eunt.
369 1041 494 1104 Rursus
517 1042 616 1120 Dede,
636 1066 700 1129 qua
718 1041 810 1106 silvas
823 1045 1037 1130 pererraverit,
1058 1052 1209 1110 nocturno
1222 1047 1293 1112 visu

239 1126 429 1191 demonstrat
441 1150 450 1200 ς
473 1126 731 1213 reperiunturque
745 1127 824 1191 lusae
837 1129 951 1214 passim
965 1129 1050 1195 lerae.

283 1212 375 1275 XIV:
400 1211 546 1274 Ceterum
558 1212 718 1291 Gotarzes,
730 1212 870 1276 nondum
885 1213 957 1276 satis
970 1228 1062 1279 aucto
1076 1218 1223 1296 exercitu,
1235 1217 1296 1283 flu-

239 1296 451 1360 mine'Corma
463 1319 522 1382 pro
535 1296 728 1361 munimento
742 1298 809 1361 uti:
832 1310 874 1376 et,
888 1321 1079 1384 quamquam
1095 1323 1151 1386 per
1164 1301 1295 1367 insecta·

237 1380 335 1445 tiones
349 1394 380 1445 et
393 1381 519 1444 nuutios
538 1381 579 1445 ad
592 1382 738 1468 proellum
753 1397 926 1460 vocaretur,
945 1397 1067 1448 nectere
1081 1407 1192 1462 moras,
1212 1386 1296 1451 locos

236 1479 369 1544 mutare,
393 1479 424 1530 et
447 1467 547 1530 missis
565 1467 808 1554 corruptoribus,
828 1468 1005 1532 exuendam
1021 1470 1061 1533 ad
1079 1469 1171 1534 fidem
1192 1471 1296 1536 hostes

237 1551 400 1616 emercari.'·
436 1553 489 1615 Ex
502 1552 572 1638 quis
587 1552 687 1616 Izates
700 1553 877 1632 Adiabeno,
893 1575 968 1618 mox
983 1556 1139 1632 Acbarus,
1154 1556 1295 1621 Arabum

236 1647 308 1701 cum
323 1636 470 1716 exercitu,
485 1637 666 1716 abscedunt,
679 1636 804 1702 levitate
816 1638 936 1724 gentili,
946 1651 977 1702 et
1013 1639 1066 1704 uia
1079 1641 1296 1727 experimentis

236 1721 397 1807 cognitum
411 1733 467 1800 est,
482 1723 630 1786 barbaros
651 1721 742 1786 malle
756 1726 860 1787 Roma
873 1737 977 1822 petere
991 1663 1114 1811 ‹lieges
1130 1749 1225 1811 quam
1240 1727 1311 1790 ha-'

233 1808 317 1871 bere.
366 1807 414 1870 At
432 1806 651 1890 Meherdates,
673 1807 784 1871 validis
808 1809 933 1873 auxiliis
954 1809 1101 1888 nudatus,
1123 1822 1295 1875 ceterorum

233 1890 407 1978 proditione
421 1905 574 1978 suspecta,
589 1892 676 1978 quod
689 1915 789 1956 unum
803 1888 869 1957 'erat
881 1895 1048 1981 reliquum,
1062 1918 1128 1959 rem
1141 1894 1175 1958 in
1189 1919 1295 1960 casum

233 1975 516 2063 dare,'proeli0que
540 1976 673 2062 experiri
696 1978 814 2043 statuit.
857 1981 925 2042 Nec
947 1980 1130 2045 detrectavit
1150 2004 1291 2068 pugnam

232 2061 396 2138 Gotarzes,
411 2061 579 2125 deminutis
600 2061 740 2126 hostibus
758 2063 860 2127 ferox.
904 2067 1097 2128 Concursum
1122 2088 1161 2128 ue
1181 2088 1296 2153 magna
1379 2118 1382 2121 .

232 2145 317 2210 caede
340 2157 371 2208 et
393 2145 541 2234 ambiguo
559 2157 689 2228 eventu3
718 2146 816 2210 donee
839 2149 1029 2227 Carrhenen‚
1046 2089 1217 2237 prodigatis
1239 2153 1294 2219 ob·

231 2371 327 2421 Arbelis
336 2372 413 2437 potius
425 2371 498 2436 gloria
512 2385 597 2435 pugna
607 2370 745 2420 adscribere·
777 2375 836 2422 bum
846 2373 948 2424 exercitu
964 2374 1072 2437 intelligi,
1088 2389 1142 2422 cum
1159 2374 1234 2423 Izates
1244 2377 1292 2427 nri-

206 2469 208 2477 ψ
232 2443 279 2485 mr.
777 2438 983 2498 ratmfucntuoc
994 2439 1070 2502 copias
1079 2438 1208 2499 adduxerit.
1232 2439 1293 2489 Hac

264 2504 389 2563 Proec‘ipua
400 2503 442 2548 rel.
454 2499 579 2561 Herculis]
596 2500 669 2549 MSS.
681 2502 744 2549 Flor.
777 2516 824 2549 non
841 2502 977 2551 excidissent
992 2504 1042 2551 rito
1056 2504 1253 2566 praestantissimo,
1271 2506 1291 2553 si

230 2564 310 2613 Oxou.
329 2565 410 2613 Guelf.
435 2573 457 2613 et
481 2564 532 2612 odd.
560 2565 652 2615 Puteol.
679 2565 745 2615 Rivii
776 2566 1067 2629 Josephumetzonuram
1079 2567 1233 2629 inspexisset;
1250 2578 1291 2616 aut

230 2630 350 2677 Herculi:
374 2628 437 2693 quod
455 2643 501 2677 non
518 2628 680 2692 spernendum,
697 2630 745 2677 ie.
775 2630 1000 2678 animadvertissem.
1008 2630 1046 2676 12.
1057 2630 1195 2693 legendum:
1214 2633 1290 2684 aselbr-¹

230 2694 270 2741 sed
280 2693 383 2741 maxime
393 2702 446 2741 vcta
458 2693 558 2755 suscepit
574 2692 679 2767 Herculi.
697 2693 744 2742 Ed.
775 2694 848 2752 benna
866 2709 966 2769 quorum
983 2696 1038 2743 Rex
1054 2697 1139 2769 Izates.
1177 2695 1288 2758 Intelligo

229 2772 269 2868 lh
282 2766 511 2883 ffldrbwglh.
527 2756 748 2869 hlttttth:
774 2758 1288 2882 tt·r.t⁸t⁰.¹”.lt.¹3tttl¹.ntttd;

227 2885 292 2934 litur-
325 2884 387 2933 Mox
405 2892 465 2932 stato
483 2900 497 2932 e
514 2884 552 2931 Fl.
569 2883 620 2931 cod.
641 2884 743 2932 Picheua
774 2884 999 2947 elquehocremedii
1009 2901 1098 2944 censeo,
1110 2894 1137 2932 ut
1147 2886 1286 2935 scribamusz

228 2958 284 2997 vett.
303 2948 355 2997 edd.
373 2956 466 2997 statuto.
502 2947 566 2995 Illud
585 2962 666 2995 verum
684 2964 741 3007 esse,
774 2950 816 2994 En
831 2952 885 3009 quir
900 2952 978 2998 Izates
993 2947 1120 3007 Adiabene,
1137 2964 1192 2997 τηοσε
1209 2952 1288 2998 Atta.

228 3012 343 3061 Latinitas
351 3013 424 3072 docet,
436 3020 515 3075 estque
529 3019 552 3059 et
562 3012 586 3057 in
598 3011 649 3058 aliis
665 3012 740 3061 MSS.
773 3027 816 3058 rur
831 3013 940 3060 Arabum
956 3029 1010 3060 cum
1025 3016 1138 3072 exoratu,
1155 3016 1286 3063 abscedunt.

227 3094 264 3141 up.
283 3076 422 3125 Broterium.
438 3076 510 3125 Etru.
543 3074 606 3122 Bud.
617 3078 741 3139 precipua
773 3075 862 3123 Sinon
878 3077 973 3125 dixisset
988 3093 1058 3141 supra
1078 3093 1098 3125 c.
1117 3078 1155 3123 12.
1188 3081 1287 3141 Resque

228 3144 270 3188 rel.
283 3142 394 3189 Herculi.
771 3139 879 3187 Arabum
885 3142 1001 3199 Abborus,
1012 3142 1157 3189 admitterem
1164 3142 1284 3191 ramesta-

262 3206 327 3252 Teltr
346 3206 451 3269 anunm]
476 3202 553 3251 Vatis.
575 3204 626 3249 telis
649 3206 740 3251 ombria
771 3217 838 3264 num,
853 3206 1107 3268 tanquamlzatinunc
1121 3220 1175 3252 eum
1189 3206 1283 3255 titulum

226 3276 336 3317 onustas:
353 3283 395 3316 nec
411 3268 456 3316 scio
472 3266 529 3331 quid
540 3281 594 3315 voce
608 3282 636 3314 ea
649 3267 739 3317 faciam.
770 3267 1281 3332 tempemmetspponmequiaulssldederat.

224 3334 302 3393 Forte,
321 3333 372 3379 tcb'r
390 3333 520 3393 omrrigenir
541 3338 641 3378 cnonas.
663 3333 740 3380 ers.
772 3330 827 3390 Sed,
843 3348 918 3395 quum
935 3333 1039 3396 superius
1052 3342 1178 3396 utrumque
1193 3334 1284 3398 Regem

224 3398 264 3445 Sic
274 3404 298 3445 et
308 3396 343 3445 ed.
374 3413 391 3444 r.
403 3396 522 3444 Acidalius
537 3394 671 3455 conjiciebat
682 3398 738 3443 mh·
770 3396 914 3458 appellasset,
931 3398 996 3444 fatua
1009 3397 1048 3445 hic
1062 3413 1090 3444 aa
1104 3397 1191 3445 mentio
1206 3398 1231 3445 in
1248 3400 1284 3447 nlss

224 3464 313 3508 sitibus.
347 3411 547 3519 (iredodritiosam
561 3453 671 3507 etveram
684 3460 738 3508 scri-
769 3466 824 3507 tero.
858 3461 1104 3511 Nonminusfatuum
1119 3464 1282 3509 raumara.

223 3534 319 3589 pturam
338 3540 352 3571 a
368 3520 468 3571 'librario
488 3524 560 3571 fuisse
580 3524 736 3585 conjunctam,
769 3524 847 3584 baur,
858 3532 970 3587 tanquam
985 3524 1010 3571 id
1025 3534 1093 3572 anteo
1108 3539 1154 3572 non
1170 3527 1282 3589 percepis-

224 3587 736 3652 quodvitiosescriptumdelereuolletznam
768 3601 852 3635 semus.
880 3588 948 3635 Nihil
962 3589 1107 3636 commodius
1122 3605 1194 3654 quam
1204 3592 1281 3638 Adn-

222 3656 321 3699 omissus
342 3660 366 3699 et
386 3658 481 3697 mustus
503 3650 613 3698 confundi
633 3660 737 3713 possunt.
768 3652 831 3711 beno,
843 3661 870 3699 nt
879 3652 994 3715 intelligas
1004 3668 1033 3700 ex
1043 3654 1158 3716 proximo,
1176 3669 1229 3701 cum
1240 3670 1280 3705 er·

128 3721 136 3731 ⁴
223 3708 288 3765 'Ante
298 3731 340 3778 pro
351 3716 391 3762 ubi
408 3715 462 3763 MS.
478 3712 557 3773 onn.
572 3721 606 3774 nt,
623 3724 646 3762 et
657 3715 735 3763 Guelf.
768 3718 851 3763 croisa.
869 3718 959 3764 Goon.
988 3717 1068 3765 Placet
1078 3718 1169 3780 Ryclrio
1180 3719 1279 3765 etmihi.

222 3780 294 3829 Ean.
767 3778 840 3826 Eun.
873 3780 1084 3829 Emendosiccum
1095 3780 1150 3844 Bip

254 3846 364 3908 Rursus]
379 3842 437 3891 Cod.
449 3842 506 3905 Agr.
519 3857 624 3889 rursum.
654 3842 700 3891 Sed
711 3858 734 3891 v.
800 3844 877 3891 Romu
892 3852 971 3907 petere
994 3847 1087 3955 Reges&
1107 3845 1235 3907 Schegkius
1250 3846 1280 3893 ud

224 3909 312 3969 13,14.
769 3906 852 3954 Vellei.
868 3910 893 3967 2,
906 3910 1044 3957 lozeood.
1088 3909 1183 3971 erbipol.
1199 3910 1280 3957 laudat

256 3974 309 4031 Qua
319 3974 390 4019 siluas
397 3971 570 4035 pererraverat]
583 3970 670 4033 Vulgo,
678 3987 735 4032 quos
767 3973 884 4019 Rursum:
900 3972 924 4019 id
941 3989 971 4020 ue
1002 3974 1076 4032 robat,
1092 3982 1115 4021 et
1129 3974 1240 4035 exemplis
1250 3973 1279 4020 il-

222 4036 485 4099 silvaspcrerroven'nt.
517 4033 733 4084 Florentinilectio-
765 4034 855 4083 lustrat.
891 3989 960 4086 adhe
1002 4052 1062 4084 urm.
1079 4036 1108 4084 od
1131 4035 1202 4084 Ovid.
1216 4037 1279 4085 Met.

222 4115 275 4148 nem
285 4101 385 4163 reposuit
396 4099 505 4146 Pichena.
526 4099 687 4147 Pererraverr't
698 4100 734 4148 ed.
766 4100 788 4154 7,
810 4101 864 4148 296.
898 4102 932 4149 Et
952 4100 985 4149 aie
1004 4102 1073 4164 plane
1092 4100 1203 4147 exhibent
1222 4099 1280 4149 MS.

223 4162 499 4225 pentametrum.
577 4214 579 4217 ,
730 4184 735 4190 -
765 4163 971 4229 Guehtecprinc.
988 4166 1050 4213 Mox
1060 4162 1276 4212 aodAEunGuen.

211 4255 215 4263 ι
256 4227 430 4276 MorcA'cborus
440 4228 618 4287 Archemorum
628 4231 733 4277 exercitu
764 4228 834 4275 eted.
848 4244 884 4292 pr.
900 4230 975 4276 Rhen.
987 4227 1055 4287 Alai,
1070 4225 1161 4289 Gryph.
1176 4241 1224 4275 non
1233 4227 1277 4276 ba.

223 4292 356 4357 abscedant]
373 4290 475 4339 Pichena
485 4292 576 4354 conjicit
586 4300 608 4339 et
620 4294 674 4341 Rea
682 4292 731 4339 Ar.
763 4292 820 4339 beot
829 4300 886 4340 erut.
903 4292 974 4340 Eun.

222 4354 293 4403 turm
303 4357 410 4403 Arabum
418 4371 438 4405 c.
450 4371 486 4403 ex.
504 4364 622 4404 attentum
633 4356 661 4404 de
670 4356 731 4403 Ara·
