3042 4950
245 224 398 297 naurs
567 209 992 297 transsimitanas.
1097 201 1112 290 ,’
1256 227 1312 288 ur

246 374 347 456 auris
360 387 582 476 cumprimum
596 387 813 473 magistratum
833 386 1072 475 capessentibus.
1102 383 1205 474 I'gitur
1217 384 1308 454 Nero

245 479 389 542 Praetura
401 474 581 560 penunuos
595 485 627 537 et
641 473 831 559 experientia
844 475 990 561 probatos
1002 471 1131 558 delegit.

292 562 417 627 XXX.
444 561 622 622 Damnatus
647 557 755 623 iisdem
781 559 972 624 Consulibus
994 557 1161 644 Vipsanius
1186 557 1311 640 Laenas,

251 654 273 687 “
286 648 328 710 ob
342 643 515 710 Sardiniam
531 641 721 730 provinciam
742 667 835 709 avare
854 643 1020 709 habitam.''
1064 642 1240 707 Absolutus
1255 643 1316 708 Ce-

250 731 328 796 stius
343 729 497 794 Proculus
510 729 767 816 repetundarum,
782 730 964 795 cedentibus
977 727 1217 794 accusatoribus.
1242 723 1316 792 Clo·

250 818 322 881 dius
345 814 529 893 Quirinalis,
551 822 573 854 “
595 815 682 900 quod
699 815 872 880 Praefectus
892 815 1056 912 renrlgum,
1080 813 1135 900 qui
1154 810 1316 878 Ravennae

249 903 450 978 haberentur,
464 898 552 964 velut
565 900 703 964 infimam
716 901 891 979 nationum,
907 900 1032 965 Italiam
1044 897 1171 963 luxuria
1185 899 1316 964 saevitia-

251 1008 314 1074 que
328 985 576 1062 adflictavisset,”
590 1004 709 1049 veneno
722 986 952 1050 damnationem
967 984 1140 1050 antevertit.
1171 985 1208 1048 C.
1224 985 1316 1048 Arni·

250 1071 322 1136 nius
336 1071 469 1148 Rebius,
484 1093 524 1134 ex
537 1070 726 1157 primoribus
741 1071 853 1156 peritia
871 1071 977 1156 legum
992 1085 1023 1136 et
1041 1067 1181 1156 pecuniae
1196 1070 1316 1166 magni-

251 1157 371 1233 tudine,
396 1155 552 1220 cruciatus
574 1177 657 1252 aegre
674 1169 814 1235 senecta,
838 1157 931 1220 misso
955 1178 1012 1242 per
1035 1177 1129 1219 venas
1153 1174 1314 1241 sanguine,

251 1242 382 1327 eiiirgit!
415 1241 501 1304 haud
529 1241 665 1304 creditus
690 1241 829 1305 sufficere
857 1241 898 1305 ad
924 1239 1127 1305 constantiam
1154 1239 1314 1304 sumendae

250 1326 369 1404 mortis,
392 1327 434 1390 ob
458 1325 603 1389 libidines
625 1325 817 1390 muliebriter
845 1325 978 1390 infamis.
1030 1328 1078 1393 At
1099 1325 1137 1386 L.
1163 1323 1316 1390 Volusius

250 1411 375 1508 egregia
395 1411 480 1474 fama
502 1409 668 1484 aonaessin
695 1411 746 1476 cui
767 1425 829 1474 tres
849 1424 882 1474 et
899 1409 1068 1496 nonaginta
1088 1409 1160 1474 anni
1181 1410 1315 1496 spatium

249 1495 386 1574 vivendi,
405 1493 500 1582 praeci
524 1517 545 1556 u
596 1517 637 1558 ue
657 1518 733 1581 opes
753 1490 844 1561 bonis
867 1496 998 1574 artibus,
1020 1495 1170 1560 inoffensa
1189 1505 1237 1559 tot
1258 1493 1316 1558 im-

251 1594 432 1668 peratorum
445 1604 478 1646 m
507 1580 563 1644 itia
589 1580 644 1644 uit.

554 1713 596 1778 A.
611 1715 656 1778 U.
678 1715 753 1778 811.
797 1714 839 1778 Α.
856 1714 893 1778 C.
910 1717 961 1778 58.

295 1815 432 1891 XXXI.
454 1825 584 1890 Nerone
603 1825 786 1904 secundum,
806 1825 848 1890 L.
864 1827 977 1890 Pisone
994 1813 1194 1904 Consulibus,
1214 1849 1315 1912 pauca

252 1911 402 1976 memoria
415 1910 512 1996 digna
525 1932 676 1983 evenere3
699 1909 758 1973 nisi
770 1911 820 1973 cui
833 1910 939 1990 libeat,
955 1910 1120 1974 laudandis
1133 1910 1317 1976 fundamen·

253 1996 295 2061 tis
308 2009 340 2080 et
354 1995 505 2088 trabibus,
521 1995 592 2081 quis
602 1994 715 2058 molem
726 1995 947 2082 amphitheatri
960 1996 1046 2082 apud
1059 1995 1215 2082 Campum
1230 1995 1318 2060 Mar-

286 2147 372 2208 Igitur
396 2147 467 2194 Nero
489 2147 603 2192 Praetura
622 2147 772 2210 perfunctos]
813 2147 906 2195 Volusio
930 2151 996 2194 uatus
1011 2146 1119 2209 familia,
1142 2161 1214 2208 aequa
1240 2153 1318 2194 tamea

254 2209 345 2259 Omnes
355 2210 411 2258 libri
418 2209 563 2272 praefectura
572 2226 581 2267 ,·
593 2209 657 2273 quod
664 2209 774 2257 titiosum
806 2213 946 2264 Praeturam
964 2225 1070 2272 egressa:
1094 2213 1142 2272 ipse
1163 2211 1317 2260 Consulatum

256 2290 312 2334 csse,
339 2288 422 2322 omnes
444 2287 557 2334 agnorum
582 2273 776 2336 scribendumque
806 2277 1058 2336 iatralit...apuruqua,
1071 2275 1318 2352 puisdomusillairn-

257 2339 391 2386 Proelurar
419 2336 524 2398 primum
551 2337 636 2398 recepit
664 2335 774 2384 Piobena.
806 2354 912 2386 mensum
928 2339 1015 2398 viguit,
1033 2353 1131 2400 primus
1152 2341 1319 2387 accumulatur.

258 2403 325 2450 Suet.
358 2400 442 2448 Claud.
463 2401 504 2448 24.
546 2402 660 2447 Praetura
673 2401 777 2462 functos
806 2399 882 2450 ers.
914 2401 976 2448 Mox
992 2400 1087 2479 Lipsius
1101 2401 1319 2450 maiebatamicitia

256 2475 336 2515 vocat:
350 2460 504 2514 ubit-Turi.
538 2463 610 2512 Elin.
806 2465 958 2529 promaiitia.
989 2463 1059 2513 Abas
1069 2466 1320 2530 sanenosterloquitur

289 2530 435 2591 Aatwertit]
465 2528 531 2576 Buri.
554 2531 646 2577 anteiit.
689 2528 775 2578 Sicci
806 2530 846 2588 sic,
859 2527 1093 2593 pluriumquelmpp.
1106 2530 1320 2579 amicitiatiaruissa

258 2591 513 2643 lilontastePichena.
805 2593 911 2641 homines
927 2593 990 2642 dicit.
1023 2592 1115 2642 Vellem
1135 2594 1259 2655 viridocti,
1311 2595 1317 2605 ‘

291 2660 405 2705 Amlnlus
418 2656 519 2717 laeua]
535 2655 602 2704 Libri
618 2664 673 2705 velt.
692 2659 720 2706 t'.
737 2656 775 2705 A.
807 2666 886 2706 conus
896 2657 1005 2720 Lipsium
1021 2658 1176 2721 disputarunt,
1193 2612 1319 2707 unumlo-

258 2723 364 2769 nulus.-
381 2721 457 2769 nescio
472 2733 503 2767 an
522 2723 639 2769 Carcinites
656 2720 774 2769 neurus
807 2730 860 2771 cum
875 2722 1013 2779 attulissent,
1030 2737 1077 2786 quo
1091 2724 1232 2785 probassent,
1248 2726 1318 2783 ‹nfin-

258 2786 328 2835 Certe
337 2788 373 2850 (et
384 2784 462 2846 doleo)
473 2784 567 2847 ignotus
582 2785 650 2845 mihi,
667 2786 775 2849 quicum·
806 2802 857 2833 sam
868 2788 985 2833 malitiam
996 2784 1080 2833 Latine
1091 2784 1143 2845 dici,
1156 2796 1178 2833 et
1187 2786 1232 2835 hoc
1241 2802 1318 2847 sensu,

275 2865 305 2897 ue
315 2850 353 2898 hic
363 2849 472 2897 laudatus
482 2848 675 2898 Jurisronsultus.
697 2850 775 2897 ers.
807 2866 877 2913 quem
894 2850 932 2897 hic
947 2850 1012 2897 locus
1026 2848 1146 2898 desiderat.
1181 2851 1207 2899 Si
1222 2867 1275 2899 vera
1286 2859 1320 2899 est

325 2923 360 2977 pr.
381 2915 506 2965 Cominius
523 2914 622 2972 Bobius,
639 2913 703 2975 quod
713 2914 775 2962 favet
805 2914 873 2962 lectio
886 2915 989 2976 vulgata,
1006 2914 1155 2977 intelligenda
1170 2922 1205 2963 est
1220 2916 1266 2963 sic:
1284 2916 1320 2963 in·

260 2976 488 3040 conjecturampsu
521 2976 594 3024 Ean.
621 2975 686 3025 Bud.
712 2981 774 3025 Am·
806 2978 898 3027 offensis
909 2987 943 3027 tat
954 2977 1109 3041 Principibus,
1121 2978 1162 3042 qui
1177 2987 1241 3027 tanta
1251 2980 1319 3027 mah·

259 3043 351 3087 ininius
367 3042 463 3088 Belius.
491 3040 551 3103 Agr.
567 3042 595 3090 C.
607 3041 775 3090 Annoeuslle·
806 3042 932 3101 tiaessent,
947 3042 1057 3091 utaviro
1067 3044 1128 3090 bono
1143 3044 1321 3092 facileoti'ende-

260 3106 321 3151 lius.
361 3104 388 3153 Si
402 3105 501 3153 Rebilus
515 3104 650 3166 legendum,
667 3105 710 3153 erit
727 3108 775 3154 Ca-
807 3114 892 3154 rentur.
926 3104 998 3153 Ean.
1032 3106 1070 3153 De
1086 3106 1186 3155 Volusio
1198 3106 1256 3155 addc
1273 3108 1320 3156 Co-
1362 3157 1365 3162 ,

258 3169 340 3282 §m
350 3167 443 3280 effi}
450 3172 479 3278 uzi
495 3184 533 3287 {p
550 3165 773 3281 1ζέἓὲιῖἃῶΟῇ
804 3169 864 3280 pum.
879 3172 901 3231 l,
913 3171 937 3225 7.
969 3168 1044 3233 Lipsii
1054 3172 1161 3219 amicitia
1171 3162 1253 3235 probat
1263 3169 1322 3219 le.

341 3248 483 3292 e.,
529 3248 563 3282 .u
624 3248 858 3283 amassem.

260 3295 503 3345 etintamisoccurrit.
839 3300 932 3345 Malana
951 3294 1130 3363 anrpbitbeutri]
1153 3296 1225 3356 Quod
1244 3308 1320 3348 toturn

293 3360 324 3408 L.
339 3360 461 3425 Volusius]
479 3360 775 3421 DchujttssenioPIInius
807 3362 895 3426 eligno
909 3362 1001 3410 struxit.
1035 3364 1130 3411 Sueten.
1146 3378 1167 3411 c.
1187 3362 1224 3409 12.
1258 3365 1321 3413 Vide

260 3425 286 3484 7,
298 3425 337 3472 49.
365 3426 452 3486 Nuper
462 3425 493 3471 L.
510 3426 618 3472 Volusius
630 3427 776 3475 Saturninus
806 3427 893 3475 librum
910 3436 1024 3489 nostrum,
1040 3428 1059 3475 si
1075 3424 1159 3490 placet,
1173 3426 1203 3475 de
1217 3426 1267 3476 Am
1283 3430 1321 3478 hi-

261 3489 480 3549 ornnium,quosin
493 3489 624 3537 eunoun
636 3493 775 3539 amariam
807 3492 903 3539 theatro.
932 3491 1007 3539 ers.
1035 3491 1246 3541 Eutruuaratcod.
1279 3495 1320 3542 lor.

261 3558 395 3613 rogaverat,
416 3551 603 3614 superstasfuit.
636 3555 775 3603 Praefectum
808 3554 895 3620 (But.)
905 3554 964 3619 Agr.
977 3556 1057 3604 Guelh
1089 3556 1150 3605 uda
1160 3572 1195 3621 pr.
1207 3556 1285 3605 Rhen.
1298 3568 1321 3607 et

261 3616 607 3679 eumurbifuisseoolligssex
620 3618 694 3665 altero
704 3619 777 3666 Plinii
807 3636 870 3695 seqq.
894 3619 931 3667 At
941 3617 1252 3685 Puteoiaamseqsacibus.
1263 3622 1319 3671 he.

261 3678 312 3728 loco
331 3680 363 3729 ib.
385 3680 423 3729 lu.
456 3681 546 3743 Nuper
565 3680 596 3728 Ι..
619 3684 713 3729 Volusio
730 3685 775 3731 Sa·
808 3684 888 3743 Rivis,
912 3684 1027 3733 Beroaldo
1046 3694 1069 3733 et
1087 3684 1141 3733 Alc.
1165 3692 1319 3735 extruserat.-

262 3746 396 3791 turniuoin
407 3746 558 3807 Praefectura
573 3748 640 3793 urbis
653 3750 775 3807 castineto,
808 3746 871 3813 quod
891 3756 939 3795 erat
959 3748 984 3795 in
1007 3748 1062 3796 Put.
1085 3750 1167 3798 vitium
1190 3763 1319 3813 operarum.

261 3815 352 3867 nnana,
370 3823 383 3855 a
404 3810 514 3857 Cornelia
532 3810 670 3869 Scipionum
685 3813 775 3872 gentis,
807 3812 977 3872 Adatruaarat,
999 3814 1061 3876 quod
1083 3822 1117 3861 est
1140 3814 1166 3861 in
1188 3814 1223 3861 ed.
1248 3814 1274 3862 J.
1292 3815 1321 3861 F.
1351 3802 1357 3815 ¹

266 3874 390 3921 Volusium
400 3872 519 3935 (intelligit
529 3871 591 3920 Plin.
600 3874 632 3932 Q.
641 3874 775 3937 Volusium,
809 3876 883 3927 Gron.
903 3876 1045 3941 servavitque
1063 3876 1178 3940 Ryckius,
1197 3878 1272 3926 simile
1285 3878 1327 3926 ri·-

278 3936 303 3982 ui
322 3936 377 3985 Cos.
396 3953 417 3984 a.
435 3938 504 3996 809.)
547 3938 713 3999 Saturninum,
733 3942 775 4001 qui
807 3940 867 3989 tium
882 3950 948 4007 puto,
965 3955 1020 3989 cum
1031 3941 1054 3990 J.
1067 3942 1192 3990 Gronovio.
1224 3940 1270 3989 Sed
1286 3942 1321 3990 ri·
1412 3990 1415 3995 ,

256 3950 312 4060 „Laii
325 4002 421 4060 Cmsul,
437 4002 547 4063 genitum
555 4004 662 4063 parthi.
678 4020 775 4052 annum.
807 4002 874 4053 detur
900 4007 970 4054 etiam
997 4004 1157 4069 corrigmdum
1178 4009 1321 4056 extruserit.

239 4087 242 4090 ·
264 4061 298 4109 Et
307 4062 336 4111 de
346 4064 432 4113 dividis
442 4066 493 4127 ejus
504 4064 601 4114 Tacitus
612 4069 652 4128 14,
663 4067 702 4116 56.
731 4070 774 4128 Et,
807 4069 875 4118 Alias
886 4070 982 4134 quidem
992 4068 1025 4117 sic
1038 4080 1122 4131 nonar,
1134 4085 1206 4133 eaque
1219 4078 1253 4117 est
1263 4070 1323 4134 legi·

264 4132 378 4185 amatum
408 4132 503 4178 Volusio
530 4130 600 4193 longa
626 4135 776 4195 parsimonia
808 4134 865 4181 tima
875 4134 950 4182 ratio:
968 4149 1068 4197 suprac.
1085 4133 1124 4182 20.
1155 4134 1322 4196 Nosqnaali.

264 4192 380 4251 quaenuit,
394 4200 488 4241 tantum
504 4196 531 4240 in
548 4200 570 4241 te
583 4210 635 4242 naua
649 4198 776 4244 liberalitas
809 4213 876 4246 versa
887 4200 1046 4261 prodiderint,
1063 4199 1105 4244 rub
1115 4198 1247 4247 omninibus
1258 4202 1321 4263 ipro.

263 4254 412 4325 captarem
424 4262 508 4317 potest.
540 4258 625 4308 Sedet
641 4259 775 4310 totaVolu·
809 4262 1010 4312 rutntradsrnus:
1028 4260 1096 4309 etsie
1112 4260 1175 4309 alibi.
1210 4262 1272 4313 Mox
1282 4265 1319 4313 ed.

264 4329 352 4367 noram
370 4316 453 4368 domm
470 4320 541 4370 hves.
575 4323 672 4374 Tacitus
690 4325 715 4387 t,
734 4326 774 4375 aa.
809 4336 843 4388 pr.
863 4336 914 4390 post
933 4340 970 4375 ras
984 4326 1087 4375 ilustres
1102 4324 1167 4379 addit
1182 4322 1320 4379 renuntias.
