3042 4950
244 279 286 334 292
665 265 893 330 ANNALIUM
1140 277 1188 347 [A.
1202 292 1234 330 υ.
1248 277 1318 331 800.

250 459 346 502 novas
358 435 532 500 litterarum
546 434 662 498 formas
675 433 797 499 addidit
807 434 1012 522 vulgavitque
1021 426 1218 522 (comperto,
1231 437 1322 499 Grae·

253 541 335 670 cani(
360 541 463 667 noque
472 517 678 583 litteraturam
691 539 755 584 non
768 520 861 584 simul
876 533 1010 607 ooeptam
1024 521 1271 607 absolutamque.

383 653 390 668 .
442 603 513 666 rimi
525 625 581 689 per
594 604 711 690 figuras
725 603 905 669 animalium
919 606 1067 693 AEgyptii
1081 627 1189 670 sensus
1209 606 1322 670 mentis

255 689 460 777 effingebant3
485 693 535 773 (ca
553 689 768 775 antiquissima
788 691 977 754 monimenta
997 691 1155 754 memoriae
1175 691 1323 755 humanae

256 778 394 863 inpressa
414 774 495 838 saxis
518 775 701 851 cernuntur)
722 783 790 840 “et
811 776 983 840 litterarum
1006 789 1102 840 semet
1123 776 1323 840 inventores”

255 860 437 949 perhibent;
461 865 483 896 ‘⁶
494 859 568 922 inde
578 859 753 940 PhoenicaS,
766 862 842 947 quia
850 855 929 924 mari
941 860 1174 947 praepollebant,
1186 859 1325 924 intulisse

257 945 398 1022 Grae'ciae,
408 943 601 1032 gloriamque
611 943 751 1032 adeptae,
759 952 922 1032 tamquam
932 947 1111 1032 repererint,
1121 967 1193 1031 quae
1201 947 1326 1032 accepe-

257 1031 356 1095 rant.”
379 1028 441 1106 Qui
464 1030 664 1115 pefamaest,
679 1036 700 1076 “
711 1031 879 1110 Cadmum,
891 1030 985 1095 classe
995 1030 1179 1095 Phoenicum
1190 1043 1325 1107 vectum,

258 1115 392 1180 rudibus
406 1051 510 1178 adhue
525 1116 708 1180 Graecorum
722 1117 848 1203 populis
862 1116 937 1181 artis
950 1117 1020 1203 ejus
1032 1130 1189 1180 auctorem
1203 1114 1328 1180 fuiffl

260 1396 313 1430 sum
335 1378 389 1428 addi
408 1395 460 1426 eam
478 1377 584 1426 voculam
608 1379 691 1442 placet.
724 1379 780 1426 Non
811 1396 880 1437 rum;
904 1395 958 1443 quae
979 1377 1156 1444 hierqglyphicre
1176 1386 1237 1425 note
1255 1377 1328 1427 ἀίω.

261 1445 365 1494 enimex
380 1443 437 1506 ipsis
450 1441 547 1490 collibus
561 1442 683 1491 deductam
694 1459 781 1506 uquam
813 1444 913 1491 Litterae
934 1452 1012 1491 tamen
1036 1456 1115 1518 postea
1135 1443 1168 1490 Ε
1216 1441 1255 1488 tiis
1280 1442 1331 1489 sire

260 1510 327 1565 ruht
344 1507 469 1556 sedl'ontes
483 1522 607 1569 aquarum,
621 1507 663 1572 qui
679 1508 781 1555 subcol-
813 1508 858 1556 Isis
884 1507 964 1570 rqina
986 1505 1089 1566 tradidit,
1113 1506 1161 1554 sive
1212 1505 1327 1554 neurius:

261 1573 332 1632 libus,
351 1571 453 1619 Romam
475 1571 602 1635 perductos.
634 1571 712 1620 bocru
731 1571 781 1633 ipee
812 1571 852 1619 sed
878 1571 919 1630 ita,
942 1579 970 1619 ut
993 1570 1078 1633 prisma
1099 1570 1151 1617 illes
1171 1579 1246 1628 notas,
1269 1585 1329 1632 ques

262 1637 288 1684 in
307 1635 441 1684 melioribus
457 1635 520 1683 Livii
538 1633 611 1694 libris,
626 1637 780 1694 Imbrinium,
814 1635 872 1698 ὶιρὰς
890 1635 1010 1693 -dioebant,
1034 1633 1166 1682 secerdotes
1190 1633 1328 1685 retinermtr

264 1703 288 1756 8,
306 1701 345 1748 30.
361 1708 383 1748 et
400 1699 457 1749 Sih'o
474 1701 498 1757 8,
514 1699 724 1760 uta-geruum
745 1701 781 1745 ri·
813 1699 879 1758 alias,
901 1713 959 1762 ques
980 1697 1109 1757 πανδήμους,
1130 1697 1222 1760 vulgus
1254 1696 1330 1744 lues.

260 1771 353 1826 guntur
361 1763 485 1811 1nuuvto.
516 1761 694 1824 ApudGelsum
703 1770 782 1810 temen
814 1762 936 1825 specimen
951 1761 1070 1825 scriptura
1081 1762 1155 1823 hujus
1165 1760 1332 1809 extatinobe-

263 1827 407 1876 Simbruinus
417 1827 474 1876 item
484 1841 556 1889 aquae
565 1825 629 1888 legas
636 1829 661 1887 4,
674 1829 697 1873 5.
718 1828 781 1874 Cou-
814 1826 871 1874 lisca
882 1827 1009 1884 Ramesde,
1020 1824 1049 1872 de
1060 1840 1107 1888 quo
1117 1829 1142 1885 2,
1153 1826 1194 1872 60.
1208 1825 1281 1872 Eun.

263 1894 378 1940 meterem
381 1892 486 1953 frigidis
496 1891 660 1952 neutramque
663 1892 781 1952 sontibus,
854 1887 1062 1952 Etuutiquiuimu
1077 1890 1238 1951 monumento]
1266 1887 1332 1999 bssp

264 1958 343 2018 quales
370 1957 519 2003 Cutiliarum
546 1955 783 2016 Simbruinarumque
814 1956 1024 2016 uauttquuetmu
1041 1952 1118 2002 Iure.
1150 1952 1295 2000 Sicetl'rein

263 2027 328 2078 runi,
339 2021 441 2066 salutare
451 2026 493 2067 cst.
515 2018 589 2066 hren.
623 2019 784 2066 autumamu-
816 2019 856 2082 qui
873 2019 960 2066 haecut
973 2018 999 2065 in
1016 2017 1148 2080 pereomeei
1160 2016 1222 2064 dicta
1235 2015 1331 2078 sucipit:

263 2087 302 2131 uir
318 2097 399 2130 omnes
417 2089 472 2130 vett.
489 2081 542 2129 libri
560 2080 595 2134 tin
611 2081 648 2128 his
667 2089 690 2128 et
705 2081 783 2140 Bud.)
815 2090 895 2144 estque
902 2081 981 2128 dunor
990 2081 1029 2128 hie
1036 2083 1115 2128 crebre
1121 2081 1226 2142 repetitio
1236 2078 1333 2142 copulae,

263 2146 454 2199 edRhenanum,
470 2145 511 2208 qui
528 2143 628 2192 aTeciti
644 2145 674 2191 A.
688 2145 725 2203 14,
742 2145 783 2192 22.
814 2144 941 2208 presertim
967 2145 992 2190 in
1017 2144 1118 2191 oratione
1138 2143 1223 2191 Taciti.
1258 2144 1331 2191 Eun.

263 2211 361 2260 mnexit
372 2211 526 2258 Simbruinis.
541 2209 650 2257 Veterem
661 2207 783 2256 lectionem
815 2209 888 2257 Recte
898 2207 1209 2270 murmuratumque.

263 2269 357 2324 reduxit
376 2290 389 2322 e
408 2273 471 2321 Flor.
492 2273 602 2332 Pichens,
620 2287 691 2336 quem
712 2273 784 2321 secuti
848 2275 972 2320 Famam
983 2270 1039 2334 cte]
1056 2271 1086 2318 ln
1098 2269 1335 2319 tommhunclocum

266 2348 320 2402 sunt
332 2337 460 2386 Gronovii:
480 2335 585 2400 Ryckius
599 2345 677 2384 eutem
689 2336 785 2384 Rhene·
816 2338 846 2385 de
856 2336 928 2384 literis
938 2336 1024 2384 Grecis
1035 2351 1049 2384 e
1060 2335 1168 2383 Phoenioe
1181 2335 1206 2382 in
1218 2335 1333 2384 drauum

267 2417 332 2450 num.
366 2399 785 2477 Elipsiieoneetiopelaudathune
817 2401 918 2464 perlatis,
934 2399 988 2448 inde
1003 2400 1027 2446 in
1042 2399 1145 2456 Italiam,
1162 2399 1203 2461 qui
1217 2399 1281 2447 velut
1294 2400 1335 2459 ju-

266 2468 343 2516 loeum
363 2467 471 2529 Sigonius
493 2465 522 2513 ed
542 2465 636 2514 hirtum
654 2464 670 2512 l.
686 2481 705 2513 c.
738 2464 786 2514 Sed
818 2475 880 2514 stum
908 2464 1098 2513 commentarium
1125 2461 1246 2524 desiderat,
1273 2463 1336 2527 legat

260 2532 331 2581 -Livii
341 2532 406 2579 loeus
416 2532 450 2577 nil
460 2530 553 2595 prodest
560 2528 647 2592 Iripsiu
667 2529 712 2577 Est
723 2530 786 2577 enim
818 2529 878 2593 disp.
894 2528 1004 2590 Scaligeri
1021 2530 1046 2576 in
1061 2527 1224 2575 Animadvers.
1238 2527 1268 2573 ad
1284 2527 1337 2575 liu-

268 2595 394 2643 Iririanum
402 2594 786 2656 Imbriniumstbriuiumpo-
818 2594 875 2641 sebii
898 2595 979 2640 Graeca
1000 2609 1024 2655 p.
1049 2594 1102 2639 110.
1123 2599 1154 2649 et,
1169 2590 1336 2638 illontefelcon.

259 2660 320 2718 ,tius
332 2659 450 2706 divmum
465 2661 494 2705 ab
511 2658 560 2705 loco
576 2658 627 2717 hoc,
645 2657 731 2704 undea
748 2673 786 2704 ure
819 2658 933 2718 Pelnogr.
953 2656 996 2702 Gr.
1016 2658 1041 2714 2,
1067 2655 1088 2701 l.
1106 2670 1156 2717 sqq.
1176 2663 1246 2717 atque
1266 2655 1337 2702 etiam

266 2723 378 2781 deductu,
396 2731 424 2769 ut
441 2737 550 2770 monuere
567 2720 669 2770 Ortelius
686 2732 709 2796 et
757 2736 786 2795 u·
818 2720 889 2796 Edm.
902 2718 1051 2794 chiffl&
1066 2718 1097 2765 ad
1112 2719 1185 2766 Inser
1202 2719 1296 2781 Sigeum
1311 2719 1337 2793 in

259 2785 787 2913 Δἕξὲἶῗ.ἵ.ἒ’.·..]””ἷξίἓ’ἔῖῗ...’ἱ.ἳ;,“3“ἂιῗῖἒὲῗῖ
818 2784 1339 2913 itimirhtrffissbttffiht

237 2963 241 2971 ,
268 2916 336 2963 liores
351 2915 405 2963 libri
415 2914 662 2963 habentSimbruvior
680 2922 750 2976 atque
762 2914 787 2961 id
818 2914 899 2962 hidem
921 2928 945 2975 p.
962 2914 1002 2959 24.
1021 2913 1046 2958 in
1065 2928 1113 2974 que
1130 2923 1219 2958 natura
1235 2920 1258 2958 et
1276 2912 1338 2958 orbis

269 2976 372 3026 defendit
378 2980 410 3026 N.
419 2978 538 3037 Heinsius,
545 2978 662 3041 ediditque
669 2976 787 3026 Drakenb.
819 2978 969 3041 alphabetum
980 2976 1107 3024 exhibetur.
1124 2975 1197 3022 Eun.

270 3044 335 3105 Ergo
346 3056 392 3089 non
401 3042 564 3099 dubitandum,
575 3042 612 3089 hic
620 3057 652 3105 qu
682 3043 788 3088 ueSim-
854 3042 985 3103 Cadmum]
1001 3040 1083 3103 Atque
1092 3040 1126 3087 ita
1136 3040 1247 3087 creditum
1258 3039 1338 3102 pieria.

271 3108 362 3154 brumis
370 3106 666 3155 velSimbruviuiescriben
683 3120 788 3163 umesse,
821 3120 868 3169 que
888 3104 1049 3166 scriptoribus:
1078 3112 1106 3151 ut
1127 3102 1242 3151 Clementi
1262 3103 1335 3151 Alex.

270 3172 398 3233 praesertim
415 3185 469 3218 cum
484 3170 544 3217 infre
560 3170 598 3227 14,
616 3172 655 3217 22.
668 3168 717 3217 hac
733 3169 788 3216 scri-
821 3167 907 3234 strom.
922 3170 945 3226 l,
959 3168 996 3215 16.
1022 3167 1138 3228 κάδμοςδὶ
1149 3170 1218 3229 Φοίνιξ
1229 3166 1261 3224 rin,
1272 3171 1283 3214 i
1295 3175 1338 3215 rur

270 3244 340 3297 ptura
355 3234 384 3284 sit
399 3236 424 3281 in
439 3235 547 3282 omnibus
561 3233 634 3281 odius.
667 3232 713 3281 Sed
724 3234 788 3295 quia,
822 3234 959 3294 γραμμάτων
975 3232 1085 3283 Ἕλλησιν
1108 3233 1199 3295 rigaris,
1223 3235 1254 3284 ὣς
1275 3231 1341 3293 φησὶν

270 3307 299 3345 ιιι
312 3308 373 3347 reete
382 3298 473 3348 monuit
482 3298 534 3345 Jee
547 3296 688 3355 Gronovius,
698 3311 744 3344 non
756 3306 791 3344 est
823 3296 916 3358 Eleepu
931 3296 1025 3358 (verius,
1035 3293 1148 3355 Ἔφορος),
1159 3293 1207 3340 lau
1219 3294 1255 3340 nai
1272 3307 1339 3343 eeter-

273 3363 303 3409 (le
312 3362 394 3423 nihilo,
409 3362 472 3425 quod
486 3362 512 3409 in
526 3362 600 3410 MSS·
612 3370 647 3409 eet
660 3363 702 3408 eud
714 3362 788 3409 Imbr.
823 3363 873 3415 κήϊα
891 3357 920 3405 rei
937 3360 1057 3417 γάμματα
1078 3358 1190 3418 Ἡρόδοτος
1213 3361 1339 3410 κεκλῆσθαι

271 3427 368 3487 exejus
385 3434 463 3473 mente
472 3424 587 3473 edendum
598 3425 790 3473 mraviutstm.
822 3424 910 3484 γράφει.
943 3378 976 3480 ὅ.
994 3420 1089 3469 Curtius
1111 3422 1135 3481 4,
1157 3423 1180 3467 4.
1214 3424 1243 3469 Si
1261 3424 1340 3485 fimae

271 3491 370 3536 bruinir.
401 3490 458 3536 Non
478 3490 547 3545 mule,
570 3497 597 3535 ut
617 3488 708 3551 opinor,
728 3488 791 3535 Hee-
823 3488 878 3533 litet
888 3488 988 3544 credere,
1005 3485 1054 3531 lraec
1070 3485 1286 3549 geurffhoenices)
1301 3488 1341 3533 lit·

272 3553 341 3601 sellus
351 3552 586 3616 suspimturinVibio
593 3552 662 3615 Sequ.
673 3567 695 3599 v.
703 3550 790 3608 Anien,
824 3556 887 3597 teror
909 3552 993 3611 primu
1014 3556 1056 3596 aut
1076 3551 1163 3609 docuit,
1186 3558 1229 3597 out
1249 3552 1340 3598 didicit.

273 3626 408 3679 eorruptum
430 3630 513 3663 nomen
531 3617 664 3663 Simbruini
683 3618 747 3662 lucus
766 3614 791 3661 in
811 3613 927 3673 ,Isidem
948 3614 970 3673 1,
990 3615 1014 3659 3.
1049 3614 1189 3661 Graecurum
1207 3617 1342 3663 litterarum

280 3683 388 3729 Veliumu
402 3697 425 3743 p.
437 3681 460 3727 8.
483 3680 556 3728 Ean.
587 3679 666 3740 Adde,
695 3696 731 3727 ure
741 3680 792 3740 ipse
823 3694 894 3724 urum
904 3681 983 3740 primi
999 3678 1121 3724 Pltoenicee
1141 3686 1277 3741 repererunt
1279 3711 1340 3726 ......

273 3744 303 3793 ad
319 3744 343 3791 h.
361 3746 378 3791 1.
390 3744 456 3793 Vibii
472 3744 550 3791 notavi
569 3759 595 3806 p.
613 3744 651 3791 53.
711 3759 724 3791 e
741 3750 792 3790 stu·
826 3744 893 3790 Hinc
907 3749 949 3798 eet,
966 3743 1027 3803 quod
1040 3742 1165 3789 Pheniceo
1180 3744 1255 3790 colore
1270 3744 1342 3789 libro-

273 3807 791 3931 ffiffdttittltdltlhttfit
824 3807 1351 3929 {tt.2⁹¹’².'t.it⁰'lf.ttt.t“bt⁶.ltlt

274 3936 337 3985 Plin.
356 3936 397 3995 36,
413 3938 453 3983 24.
468 3935 509 4000 qui
525 3936 587 3983 nuru
607 3936 684 3995 magle
702 3938 794 3981 miruu-
825 3934 854 3981 de
865 3933 939 3981 colore
952 3932 1055 3996 oepitum
1072 3933 1121 3980 sive
1135 3933 1257 3981 titulorum
1272 3933 1298 3979 in
1313 3934 1343 3981 li·

273 3998 785 4062 dumiutotoerbeterrarumsuiereadserit.
825 3998 1134 4051 brieverumetvetuseet.
1161 3996 1343 4046 ominum

308 4067 431 4126 Comperto
443 4066 489 4112 Gr.
497 4065 549 4126 qm]
567 4062 613 4111 Ed
624 4077 658 4125 pr.
672 4065 794 4124 Comperit
828 4063 921 4120 1‚1,7.
954 4063 1009 4108 Nec
1024 4062 1109 4107 titulus
1127 4064 1208 4120 maio,
1225 4063 1345 4109 uecmdro
1386 4088 1389 4091 ·

275 4128 793 4191 quoquam-ecam.Pute01.cuupnuquo-
825 4127 910 4171 emma
925 4132 1027 4172 notetur.
1060 4124 1149 4171 Causae
1163 4134 1241 4173 umen
1255 4124 1343 4188 inepta,

276 4207 327 4250 uua
343 4192 414 4241 Eun.
450 4190 594 4240 SicetBud.
826 4199 896 4237 etex
913 4198 1004 4252 pectore
1022 4187 1113 4235 Isidori.
1145 4188 1184 4236 De
1198 4187 1289 4236 Cadmo
1306 4188 1343 4236 in-

309 4256 390 4302 Primi
404 4272 449 4317 per
458 4260 555 4319 figurae
566 4254 717 4317 animalium]
737 4255 794 4302 Non
826 4262 927 4308 venture,
939 4252 1055 4317 Agenoris
1070 4253 1088 4300 f.
1100 4252 1152 4300 ride
1161 4263 1185 4301 et
1196 4252 1301 4302 Plinium
1318 4254 1342 4315 7,

272 4317 410 4379 ,animalium
429 4320 513 4384 solum,
528 4320 567 4371 sed
583 4329 606 4370 et
621 4335 698 4371 rerum
715 4326 794 4381 mute·
826 4318 865 4374 57.
877 4317 1042 4369 etsuidumin
1053 4319 1166 4373 eustatie.
1182 4319 1259 4370 Lars.
1326 4363 1334 4378 ‚
