3042 4950
220 308 249 347 r.
263 304 291 347 c.
304 251 369 360 aa]
579 284 658 345 arn.
679 282 766 343 xm.
786 281 873 343 cnr,
891 285 942 342 ss.
1239 282 1290 343 171

222 448 336 515 fflmae
349 454 531 513 testamenta
545 455 576 508 et
589 445 682 509 orbos
694 444 783 509 velut
801 442 948 529 indagine
966 442 1035 529 ejus
1048 442 1127 528 capi.
1171 441 1295 508 Italiam

222 547 253 600 et
264 531 436 622 provincias
450 530 590 593 inmenso
600 529 720 595 foenore
734 529 863 595 hauriri.
885 529 934 591 At
947 526 1006 591 sibl
1015 526 1120 592 labore
1131 529 1294 629 quantam

224 634 255 685 et
269 619 423 683 modicam
437 614 600 702 pecuniam
613 638 687 682 esse.
722 615 858 692 Crimen,
873 612 1060 700 periculum,¹
1074 634 1178 677 omnia
1190 615 1297 700 potins

223 705 438 779 toleraturum,
476 722 549 764 uam
563 714 699 766 veterem
713 726 748 767 ac
763 701 849 765 domi
857 712 980 787 partam
988 696 1202 784 dignationem
1214 700 1297 765 subi·

225 804 266 855 tae
279 786 418 853 felicitati
433 724 657 853 sirbmitteret.”

268 874 409 939 XLIII.
432 872 502 937 Nec
515 871 655 951 deerant,
678 872 734 959 qui
748 871 816 935 haec
832 870 942 934 iisdem
959 868 1073 946 verbis,
1091 878 1147 933 eut
1161 892 1250 935 versa
1264 871 1298 935 in

226 960 373 1037 deterius,
390 960 515 1022 Senecae
533 958 700 1022 deferrent.
744 957 938 1043 Repertique
957 966 1158 1035 accusatores,
1181 963 1204 995 “
1218 956 1300 1020 dire-

225 1060 297 1135 ptos
311 1044 419 1122 socios,
434 1066 507 1107 cum
524 1043 641 1107 Suilius
651 1042 843 1130 provinciam
853 1042 964 1107 Asiam
973 1053 1105 1127 regeret,
1117 1064 1154 1107 ac
1165 1042 1299 1129 publicae

227 1131 368 1220 pecuniae
382 1128 579 1215 peculatum”
594 1128 743 1193 detulere.
789 1129 882 1205 Mox,
903 1127 979 1213 quia
997 1126 1227 1212 inquisitionem
1247 1151 1303 1191 an-

228 1240 324 1282 nuam
345 1216 586 1300 inpetraverant,
609 1213 735 1277 brevius
759 1212 873 1289 visum,
898 1212 1020 1275 urbana
1044 1213 1174 1277 crimina
1193 1213 1300 1299 incipi,

251 1322 365 1366 uorum
383 1297 467 1361 obvii
485 1309 581 1362 testes
602 1308 698 1363 erant.
744 1297 785 1376 Ii,
808 1304 830 1336 “
852 1296 1019 1361 acerbitate
1033 1298 1236 1361 accusationis
1256 1301 1298 1371 Q.

229 1328 440 1473 lamponium
464 1382 505 1446 ad
527 1384 739 1449 necessitatem
760 1382 834 1448 belli
855 1380 953 1447 civilis
974 1380 1157 1447 detrusum:
1181 1383 1300 1447 duliam

232 1638 280 1688 quo
290 1620 404 1671 mendmii
412 1619 504 1685 pratici
522 1620 586 1668 Nam
594 1619 680 1669 Seneca
688 1626 753 1667 nnn
791 1622 832 1681 qui
850 1620 896 1668 eiii
912 1621 940 1666 irs
956 1617 1075 1667 Ariciam
1093 1620 1164 1667 tideo
1181 1618 1310 1669 treeioem

232 1686 338 1741 murier,
357 1700 404 1733 uon
420 1684 514 1747 injuria,
529 1699 575 1731 non
589 1682 698 1731 beneficio
714 1698 753 1731 co-
789 1686 852 1731 diem
860 1684 1007 1746 postularet:
1024 1699 1070 1731 non
1086 1691 1114 1731 ut
1130 1687 1151 1731 is
1166 1686 1228 1733 idem
1238 1688 1310 1750 confi·

232 1752 312 1816 gnitus
325 1750 368 1797 illi
402 1748 449 1797 Sed
460 1748 533 1805 credo,
546 1747 628 1809 judicii
643 1746 752 1810 quaedam
788 1756 849 1795 cerei
866 1748 990 1810 diligentia
1006 1754 1029 1796 et
1047 1750 1166 1797 industria
1182 1765 1237 1807 sua,
1250 1752 1311 1811 quod

233 1813 579 1878 morumqnepemersitasfuit,
591 1826 645 1874 qua
652 1811 753 1859 eundem
787 1828 831 1874 ego
849 1828 900 1860 meo
922 1813 997 1859 utne
1013 1818 1037 1860 et
1058 1815 1152 1874 uigiliis
1175 1822 1309 1864 macutes

235 1879 338 1929 illumin
350 1878 485 1926 Ciceronem
493 1876 593 1938 exaurit,
603 1876 687 1940 quain
695 1874 754 1925 cae-
792 1894 852 1925 sum.
885 1878 984 1926 Etenim
999 1878 1039 1924 ille
1049 1878 1170 1927 nomeu
1184 1880 1311 1941 nquius

235 1945 303 1999 sium,
323 1944 435 2002 Brutum,
452 1956 578 2005 omnesque
594 1942 674 1989 bonos.
707 1940 753 1987 Ca-
788 1957 817 1988 ne
836 1943 996 1989 Brundisium
1011 1944 1105 2003 quium
1118 1946 1244 2004 menits
1266 1961 1310 2007 ego

234 2016 286 2057 vest
307 2009 337 2055 ab
358 2006 403 2065 his,
425 2021 516 2065 moneo,
537 2006 662 2066 juventus:
693 2012 716 2051 et
741 2020 754 2052 e
790 2008 902 2055 Siciliam
913 1998 986 2053 totuin
997 2008 1171 2069 quinquaginta
1187 2008 1310 2057 diluuia

234 2072 322 2135 campis
332 2070 378 2119 illis
393 2070 428 2117 ita
442 2069 608 2133 antiquitatum
622 2068 755 2116 ethinodae
789 2072 843 2130 olii,
866 2078 895 2118 ut
915 2069 1031 2117 arsenium⁴
1038 2073 1183 2132 populorum
1198 2076 1309 2133 prmate.

234 2136 478 2197 florulegetntnon
486 2134 685 2195 colligatvenena.
708 2132 753 2193 At,
790 2149 889 2196 rumque
906 2134 1009 2198 iujurias
1026 2149 1194 2196 cognocerent
1234 2138 1311 2187 Διωι

236 2198 300 2265 quod
312 2198 343 2245 ad
358 2196 449 2245 divitiae
463 2196 648 2261 elegantiamque
664 2198 756 2245 Seneca
789 2198 842 2246 nius
857 2198 883 2246 in
900 2199 965 2246 Orat.
980 2213 1024 2260 pro
1042 2199 1145 2247 Scauros
1164 2201 1311 2263 Subscripee·

156 2279 166 2291 ’
236 2263 325 2322 attinet,
337 2260 390 2310 vide
401 2260 565 2324 lectoretlcge
577 2260 695 2324 egregium
706 2262 756 2321 ejus
790 2270 849 2311 ruent
869 2265 966 2313 Triario
985 2264 1011 2311 in
1029 2266 1146 2311 &auream
1161 2264 1193 2312 L.
1209 2266 1311 2314 Marius
1344 2292 1347 2296 ·

235 2328 343 2376 libellum
359 2326 398 2374 De
412 2325 462 2374 'vita
476 2328 561 2381 beatu
580 2340 651 2388 quem
668 2324 757 2388 scripsit
791 2330 821 2375 L.
838 2330 871 2376 F.
888 2330 930 2377 M.
946 2335 969 2377 et
988 2328 1017 2384 Q.
1034 2328 1139 2374 Pacarii
1149 2329 1252 2390 fratres,
1269 2329 1312 2391 qni

235 2408 283 2441 non
293 2392 339 2439 alin
349 2406 382 2451 re,
394 2406 467 2455 quem
484 2398 510 2439 ut
522 2405 562 2439 cra
578 2391 705 2439 obstrueret
719 2405 757 2437 ca-
791 2394 966 2453 inquietionem
980 2396 1007 2441 in
1023 2393 1161 2441 Sardiniam
1172 2395 1273 2455 itemqw
1285 2397 1313 2443 ist

235 2454 414 2506 lumniatoribus
431 2454 496 2504 istiss
514 2454 641 2519 praesertim
657 2470 671 2503 a
688 2467 708 2502 c.
720 2454 756 2509 17.
794 2459 915 2506 Corsicam
932 2460 1021 2508 insulas
1038 2458 1088 2506 diae
1105 2458 1204 2506 tricenos
1219 2472 1330 2524 werpe„

238 2522 313 2569 lars
346 2519 378 2568 V.
398 2525 421 2566 et
440 2517 488 2566 Dio
508 2521 548 2578 62,
566 2523 589 2566 2.
630 2517 667 2567 Cf.
685 2519 757 2566 Gron·
793 2529 856 2569 rant.
882 2521 974 2571 Plinius
984 2522 1061 2586 Epist.
1072 2523 1097 2582 3,
1109 2529 1133 2575 9.
1160 2523 1312 2574 Addiderunt

240 2586 294 2633 Pec.
304 2592 359 2632 vett·
373 2584 397 2642 t,
412 2583 448 2631 11.
793 2588 889 2646 Batiai,
906 2589 967 2648 quod
977 2587 1051 2634 simul
1062 2587 1134 2632 socios
1147 2589 1314 2651 ministrosque

272 2648 445 2710 Orias-capi]
455 2647 608 2710 Captatur-um
619 2645 701 2711 putida
710 2653 759 2694 stu·
795 2651 896 2698 Cossio
918 2653 1058 2707 Maurum,
1080 2653 1266 2714 nominatimque
1286 2657 1315 2702 ie

239 2713 278 2760 dia
297 2713 381 2760 Roma
397 2712 428 2759 ob
449 2726 514 2775 mem
532 2711 665 2760 hereditatis
683 2719 760 2774 captat
792 2728 830 2761 eos
848 2717 1023 2776 inquisitionem
1040 2717 1238 2778 postulaverunt.-
1249 2735 1274 2783 p.
1289 2735 1315 2783 p.

239 2775 445 2838 nostcretarguit.
478 2774 661 2824 Cf.Germ.2l).
778 2781 938 2843 »Norbanum
965 2781 1120 2828 Licinianum
1145 2781 1265 2844 Legatum
1291 2791 1314 2832 et

274 2843 340 2890 Olim
352 2841 463 2904 partam]
480 2839 521 2888 Ex
537 2839 589 2887 aliis
600 2839 666 2887 libris
681 2839 758 2902 liceat,
793 2845 965 2905 inquisitorem.
1006 2843 1041 2893 Et
1061 2859 1133 2894 mox:
1157 2859 1205 2893 non
1226 2849 1315 2908 Legati

239 2909 281 2956 diu
299 2911 405 2967 partem.
438 2905 514 2952 Ltus.
554 2905 592 2952 Ac
611 2905 667 2951 obre
689 2913 724 2952 est
746 2920 760 2952 a
793 2923 885 2970 mmor,
896 2923 943 2957 non
954 2911 1236 2971 inquieitIonisoffieium.
1253 2913 1316 2972 Qun

242 2971 332 3019 Puteal
359 2969 405 3016 Sed
432 2968 761 3017 1.el.hssetaedeo.·unde
794 2972 888 3021 firmam
903 2973 1025 3022 lectionem
1040 2974 1104 3022 Iler.
1121 2976 1314 3039 impetraverant,

240 3035 332 3085 videtur
344 3041 400 3080 nata
415 2986 525 3080 iihenani
542 3033 673 3093 conjectura
688 3033 759 3080 odeo:
794 3037 923 3100 indignam,
941 3053 1014 3101 quam
1029 3038 1119 3086 silentio
1130 3037 1226 3102 lipsius
1240 3049 1316 3090 nano

244 3099 307 3162 quod
317 3097 387 3160 plane
395 3097 461 3145 estin
472 3097 545 3146 MSS.
557 3096 762 3146 omnesones.
794 3101 901 3150 mitteret.
945 3102 1060 3151 Aurelius
1081 3104 1256 3166 impetrauerat,
1279 3105 1316 3153 in·

240 3163 295 3212 Ms.
308 3161 371 3209 Flor.
389 3175 417 3208 ac
434 3163 469 3208 da.
507 3159 577 3208 Unde
596 3160 700 3224 Lipsius,
719 3159 762 3208 Pi·
794 3173 941 3228 terpretatm,
959 3181 1049 3215 annum
1067 3165 1098 3214 sd
1116 3168 1263 3231 purgandam
1277 3169 1316 3218 in.

241 3227 321 3286 ebena,
339 3225 411 3273 iecere
426 3227 485 3272 dius
503 3224 530 3272 J.
548 3224 680 3274 Gronovius
694 3233 762 3290 putat
794 3231 933 3293 nocendam,
953 3240 1034 3280 eontra
1049 3245 1139 3279 morem
1156 3230 1180 3279 et'
1194 3233 1315 3283 ratium.

242 3305 290 3339 esse
305 3291 384 3336 mosi.-
401 3289 465 3353 quod
475 3288 657 3352 precedentibus
672 3290 762 3353 apeissi-
794 3293 829 3341 Et
845 3302 923 3343 tamen
938 3295 1012 3344 alium
1031 3309 1125 3344 ameum
1142 3295 1169 3343 id
1184 3297 1249 3346 subi
1268 3313 1317 3346 non

241 3369 309 3402 mum
320 3361 361 3402 est.
394 3353 486 3401 Interea
502 3368 634 3417 sequamm,
650 3354 714 3418 quod
726 3369 762 3402 re-
796 3357 873 3406 habet.
907 3359 1000 3409 (inore.

242 3419 353 3468 acutiores
365 3417 416 3466 edd.
428 3417 551 3466 obtinetur
559 3418 610 3473 diu,
618 3433 689 3482 quam
707 3433 762 3466 uam
829 3423 969 3472 Saturione
980 3424 1095 3489 crimina]
1108 3423 1246 3474 curantem
1262 3429 1318 3475 sul.

243 3483 310 3531 nobis
322 3491 461 3546 suspectum.
494 3480 566 3529 Eun.
600 3481 664 3531 Bud.
676 3433 717 3529 al.
728 3498 760 3529 m.
796 3488 907 3536 ariana?
930 3487 1010 3537 omnia
1027 3489 1072 3538 ista
1088 3489 1114 3537 in
1132 3492 1215 3538 urbem
1233 3507 1316 3557 perpe.

241 3563 270 3595 ac
282 3549 331 3607 deo,
347 3555 375 3594 nt
388 3546 413 3593 in
430 3546 466 3594 ed.
482 3560 517 3609 pr.
530 3543 593 3595 unde
607 3549 630 3595 2.
642 3561 675 3594 m.
688 3547 717 3594 ab
727 3560 760 3596 eo.
796 3558 863 3600 nan.
896 3551 992 3613 Vereor,
1009 3554 1095 3602 nerui
1110 3561 1188 3602 murm
1202 3555 1233 3603 sit
1246 3566 1317 3606 eter.

243 3609 323 3660 Placet
333 3612 404 3658 dom.
439 3609 477 3658 Sic
492 3617 515 3657 et
531 3609 594 3658 Lali.
610 3609 698 3675 etBip.
711 3612 763 3672 diu,
796 3614 923 3666 minatione
940 3617 1089 3682 precedentis
1103 3618 1175 3667 sabi.
1220 3623 1318 3672 Urbana

243 3677 300 3734 clim
310 3673 443 3723 redundant
453 3676 483 3722 ob
494 3683 602 3723 veterem.
797 3681 900 3728 crimina
913 3691 1063 3746 opponuntur
1108 3683 1271 3746 commliius,
1288 3689 1318 3738 de

275 3741 398 3788 Felicitati
408 3740 557 3803 submittere]
570 3738 634 3802 Lege
644 3740 766 3790 sutntne-
797 3743 883 3808 quibus
898 3755 962 3806 ante,
977 3757 1004 3795 nt
1018 3762 1065 3810 epu
1098 3747 1147 3795 Cic.
1162 3747 1189 3795 in
1203 3749 1317 3801 verinis.

242 3811 287 3853 ret.
319 3803 396 3852 Lars·
437 3804 502 3853 vett.
520 3818 600 3852 omues
619 3804 764 3865 submittere,
797 3809 860 3856 Mox
876 3809 1317 3878 ed.pr.MS.Gudf.iip1-oii,ut

244 3867 767 3928 ems.oue1f.‹e13ue.)nt0xaurversa
798 3886 861 3935 saepe
881 3874 932 3923 aliis
952 3874 1016 3923 locis
1055 3875 1129 3924 nar.
1170 3877 1244 3926 Recte
1260 3879 1320 3929 vidit

245 3947 291 3980 non
303 3942 352 3980 erat
361 3933 387 3980 in
398 3932 453 3981 Ms.
466 3932 530 3980 Bud.
540 3947 583 3981 nec
598 3941 633 3981 est
649 3933 674 3980 in
686 3933 772 3981 Guell.
798 3936 857 3985 lim.
879 3938 977 4002 Squor,
988 3939 1063 3988 deleto
1073 3941 1123 3988 sui.

245 3997 376 4060 etaliisap
388 3996 529 4045 Broterium.
557 3995 766 4063 Rhenanusputa·
833 4001 862 4057 Q.
874 4003 1047 4068 Pomponium]
1061 4004 1130 4052 Nihil
1143 4006 1205 4070 legi:
1224 4008 1266 4071 qui
1282 4025 1318 4058 se-

247 4059 288 4108 bat
308 4063 387 4110 abesse
408 4060 528 4110 commode
544 4061 650 4115 (tumuit
669 4069 767 4122 nmen).
798 4073 911 4129 quantur,
938 4067 956 4115 ii
977 4067 1025 4116 lese
1045 4069 1159 4118 noninati
1179 4072 1272 4122 Senecae
1291 4075 1319 4124 in

247 4123 335 4172 Saltem
345 4133 388 4173 out
399 4125 483 4174 servari
494 4125 593 4174 deberet.
626 4126 700 4176 Eun.
797 4129 875 4178 Ludo.
904 4131 978 4180 Irrue.
1006 4132 1045 4181 De
1054 4133 1087 4192 Q.
1099 4135 1230 4198 Pomponio
1239 4139 1264 4197 6,
1278 4140 1317 4189 le.

280 4189 469 4252 ¹Irsquisitianem
495 4205 598 4238 annuam
625 4191 765 4253 impetrare·
797 4193 925 4244 deSabins
938 4197 967 4245 P.
980 4196 1018 4258 ll,
1036 4198 1200 4256 adiuvat
1211 4201 1318 4253 Adatico

222 4309 224 4312 Ι
247 4253 412 4319 rant10icero
427 4263 471 4303 act.
488 4251 556 4304 Vere.
574 4255 597 4315 1,
614 4255 638 4302 2.
670 4254 765 4318 Itaque,
800 4259 838 4319 ll,
859 4262 883 4320 2,
902 4260 927 4309 3.
967 4261 1038 4310 Corn.
1057 4258 1141 4326 Lupus
1159 4267 1204 4312 sub
1220 4265 1318 4318 Tiberio

247 4317 302 4364 crim
320 4331 364 4380 ego
381 4319 442 4366 diem
462 4320 487 4365 in
504 4314 613 4367 Siciliam
630 4320 766 4386 inquirendi
799 4321 1244 4394 Procscntaeene'nummneeque
1252 4333 1316 4382 uel.

241 4383 401 4446 perexiguam
407 4382 592 4446 postulantium,
609 4385 699 4432 inuenit
714 4387 765 4443 iste,
798 4386 845 4436 hel.
857 4388 891 4437 D.
904 4398 948 4440 ret
963 4389 1021 4440 NN.
1034 4390 1078 4439 vol.
1089 4394 1112 4440 2.
1123 4407 1147 4456 p.
1159 4393 1217 4442 302.
