3042 4950
201 243 259 299 aaa
615 240 848 301 suuamuu
1084 241 1263 317 [nasto.

202 424 259 465 nec
273 418 377 466 tamen
391 400 480 465 facile
494 403 736 481 memoraverim,
758 403 829 489 quis
843 402 963 489 primus
975 415 1095 480 auctor,
1108 405 1200 490 cujus
1213 404 1262 467 in-

202 488 314 551 stinctu
331 485 485 550 concitum
500 486 549 559 sit,
565 488 650 572 quod
665 499 729 553 tam
744 488 835 551 multi
850 499 1059 573 sumpserunt.
1092 490 1265 575 Promptia-

203 572 296 635 simos
318 571 467 635 Subrium
491 571 646 649 Flavium,
671 572 853 637 Tribunum
878 572 1039 636 Praetorioe
1061 572 1204 650 cohortis,
1229 588 1264 637 et

207 655 379 742 Sulpicium
394 660 533 743 Asprum
550 656 770 720 Centurionem
784 656 945 733 exstitisse,
967 658 1139 721 constantia
1159 660 1263 724 eaittts

205 741 320 805 docuit.
345 741 391 805 Et
405 742 554 805 Lucanus
565 742 717 818 Annaeus,
729 741 935 826 Plautiusque
946 742 1132 820 Lateranus,
1143 745 1260 808 Consul

204 825 393 913 designatus,
414 826 519 889 vivida
536 824 608 890 odia
628 825 770 889 intulere.
814 827 980 889 Lucanum
994 827 1130 912 propriae
1143 850 1259 892 caussae

202 912 420 988 accendebant,
442 910 528 995 quod
549 912 664 973 lamam
687 910 861 973 carminum
883 911 951 995 ejus
979 912 1140 996 premebat
1162 915 1257 990 Nero,

120 1024 123 1031 ’
203 996 467 1081 prohibueratque
488 1008 651 1072 ostentare,
675 1018 775 1058 vanus
800 994 1006 1059 aemulatione.
1055 997 1256 1075 Lateranum,

204 1080 372 1144 Consulem
387 1078 594 1164 designatum,
610 1079 695 1143 nulla
706 1079 828 1165 injuria,
841 1080 893 1142 sed
903 1102 990 1143 amor
1001 1080 1149 1166 Reipubl.
1164 1084 1257 1147 socia

202 1164 257 1227 vit.
302 1169 349 1228 At
364 1163 492 1227 Flavius
509 1164 656 1228 Scevinus
670 1178 701 1228 et
716 1164 869 1229 Afranius
884 1164 1105 1242 Quaerimus,
1125 1180 1258 1255 uterque

205 1250 355 1313 Senatorii
370 1248 497 1326 ordinis,
513 1260 620 1312 centra
634 1250 747 1312 famam
759 1249 820 1325 sui,
830 1248 1020 1334 principium
1027 1251 1104 1313 tanti
1113 1251 1256 1317 facinoris

202 1336 408 1419 capessivere:
446 1356 517 1396 nam
535 1335 667 1397 Scevino
687 1332 838 1397 dissoluta
857 1332 938 1396 luxu
959 1356 1055 1410 mens,
1077 1351 1109 1398 et
1127 1333 1256 1420 proinde

201 1418 264 1482 vita
279 1441 386 1483 somno
400 1417 565 1503 languida:
590 1419 795 1495 Quinctiauus
815 1416 945 1481 mollitia
966 1419 1102 1503 eorporis
1122 1420 1255 1497 infamis,

199 1516 231 1651 εὖ
245 1528 265 1566 a
279 1504 407 1568 Nerone
420 1502 569 1589 probroso
583 1503 717 1567 carmine
731 1502 919 1579 diffamatus,
939 1504 1140 1569 contumelias
1154 1502 1255 1569 ultum

197 1588 208 1649 i
232 1600 275 1652 at.

243 1674 282 1735 L.
300 1670 399 1759 Ergo,
411 1671 489 1735 dum
504 1679 525 1710 ‘⁶
541 1671 654 1735 scelera
668 1673 833 1759 Principis,
848 1688 880 1737 et
893 1674 986 1737 linem
1000 1674 1108 1737 adesse
1118 1672 1255 1771 Imperii,

199 1756 473 1843 deligendumque,
505 1757 537 1820 ui
548 1756 635 1819 fessis
643 1758 736 1821 rebus
751 1760 971 1835 succurreret?
979 1758 1168 1822 interseaut
1176 1774 1257 1823 mter

198 1842 312 1907 amieos
321 1842 453 1928 jaciunt,
469 1780 676 1936 adgregavere
692 1842 835 1906 Tullium
850 1843 1060 1920 Senecionem,
1073 1842 1256 1907 Cervarium

199 1926 380 2003 Proculum,
400 1924 577 1989 Vulcatium
599 1924 777 2005 Araricum,
798 1926 921 1990 Julium
943 1928 1159 2014 Tugurinum,
1178 1928 1256 1992 Mu·

199 2012 320 2075 natium
351 2012 497 2087 Gratum,
524 2010 696 2075 Antonium
724 2011 884 2090 Natalem,
921 2010 1075 2076 Martium
1111 2015 1254 2091 Festum,

199 2096 333 2183 Equites
344 2096 516 2159 Romanos:
534 2114 576 2194 err
582 2094 696 2193 quibus
709 2096 846 2176 Senecio,
858 2097 1040 2184 epraecipua
1048 2097 1256 2163 familiaritate

84 2188 91 2197 “
195 2181 340 2260 Neronis,
364 2180 495 2267 speciem
516 2190 658 2244 ammmae
679 2181 773 2245 etiam
794 2195 863 2246 tum
885 2182 1027 2263 retinens,
1049 2206 1086 2246 eo
1107 2182 1251 2269 pluribus

227 2334 341 2381 Satrium
349 2314 475 2393 Flavium]
489 2326 561 2377 lh‘oui
572 2330 612 2391 62,
624 2332 663 2378 24.
675 2330 710 2378 di.
743 2333 866 2380 Ostentare
876 2347 919 2394 prs
928 2332 1054 2388 ostendue,
1069 2331 1201 2388 taedere,
1217 2348 1254 2380 re·

195 2396 484 2449 demasteereteseeet
494 2393 572 2441 satim
585 2394 711 2447 Σουλπίκιος
741 2396 863 2443 citareeee
880 2396 953 2443 ΕΠ.
978 2396 1032 2459 Bip
1041 2404 1169 2459 munaus
1180 2396 1257 2459 lipsii

740 2460 1130 2574 amaricata

157 2643 162 2649 ,
193 2541 254 2636 aio
262 2589 350 2649 juttae
362 2588 492 2636 aemam.
700 2556 709 2583 '
740 2589 991 2651 saepiebantur
1016 2589 1069 2636 rae.
1081 2540 1187 2636 soth
1199 2589 1255 2636 sus.

236 2655 362 2701 Premebat
381 2653 460 2715 Nero]
483 2651 530 2699 Sed
550 2651 612 2699 idem
631 2661 709 2700 tamen
739 2653 825 2700 sidium
841 2655 942 2716 vulgatas
957 2653 1061 2700 lectionis
1077 2653 1152 2699 adfert
1167 2667 1196 2699 ex
1216 2655 1256 2711 le,

193 2725 360 2780 postmortem
373 2716 459 2764 mm
476 2716 559 2762 cinon
576 2716 667 2775 invidit,
684 2717 708 2764 id
742 2719 779 2773 17.
790 2719 943 2764 amimam
954 2717 1047 2764 Luccei
1055 2719 1144 2764 literae.

193 2791 227 2829 est
243 2781 289 2842 legi
304 2791 327 2828 et
340 2780 377 2828 edi
393 2777 503 2842 permisit.
537 2778 590 2826 Hoc
605 2781 657 2826 vult
671 2780 708 2826 in·
771 2782 891 2844 Afranius
912 2782 1080 2844 Quinctianae]
1099 2781 1154 2829 MS.
1174 2779 1254 2829 Gueld

192 2846 284 2908 scriptio
300 2853 365 2892 vetus
380 2855 429 2906 (ap.
443 2843 512 2890 Grut.
524 2858 547 2905 p.
559 2845 616 2900 354,
628 2846 651 2888 2.
666 2845 708 2907 qui
739 2844 792 2891 edd.
803 2854 889 2892 veteres
898 2845 977 2907 plures
990 2843 1160 2900 Ουίπίίὶᾶαπω,
1181 2845 1256 2894 Etru.

192 2925 245 2958 eam
256 2917 384 2970 suspectam
391 2905 482 2966 hebet)=
494 2920 523 2952 u.
532 2919 648 2954 surano
658 2920 706 2954 nv·
739 2908 804 2956 Bud.
819 2911 969 2966 Quintianus.

193 2986 268 3020 cauo
287 2979 469 3019 connvasusr
487 2983 599 3018 rorata
616 2983 705 3018 asur.
773 2973 930 3027 Qtttmtanus
950 2973 1016 3019 enodi
1036 2973 1142 3036 corpore]
1160 2971 1257 3023 Fames.

193 3050 274 3085 rrcro
303 3048 431 3084 unnours
459 3047 538 3082 ram
565 3047 704 3084 servare.
738 3039 836 3084 moltitie
852 3039 963 3098 eorporis.
998 3035 1141 3096 Italratinis
1155 3037 1253 3093 dictat
1339 3034 1343 3042 ’

191 3101 275 3150 Gaude
284 3100 400 3148 liberrime
409 3106 529 3161 poetarum
539 3114 545 3144 t
557 3097 628 3146 limati
638 3100 707 3162 genio
737 3103 818 3152 ἓηλιῖα
829 3105 896 3153 νόσος.
922 3100 1037 3148 Ovidiuttt
1049 3102 1135 3148 Mollis
1144 3104 1254 3164 eratfo-

191 3165 343 3213 AEtemitatis.
376 3165 451 3211 Irrrs.
736 3165 833 3224 citaque
849 3167 910 3211 viris
927 3164 1053 3212 Peccatine
1067 3165 1143 3210 iseros.
1177 3164 1254 3212 iares.

223 3230 705 3289 Prohibuerutqueoetenteramaasarsi·
737 3227 783 3276 Sed
799 3228 854 3276 MS·
866 3229 934 3276 Flor.
948 3230 1047 3276 mollitie
1062 3231 1173 3290 corporis.
1206 3229 1252 3277 Ed.

189 3293 327 3355 metatione]
346 3290 522 3355 Quinquennali
535 3290 633 3346 ludicro,
650 3306 704 3340 eum
736 3307 773 3354 pr.
784 3294 899 3339 moditie:
917 3292 988 3354 idque
1003 3307 1053 3339 reoe
1069 3301 1120 3338 mm
1138 3293 1254 3340 Pichena.

189 3357 315 3421 Orpheum
328 3357 436 3403 [sumnus
451 3355 574 3411 recitasset,
585 3363 705 3404 coronatus
738 3353 913 3414 viticella.
926 3357 999 3404 Bau.
1079 3357 1254 3418 mottteorpore.

189 3429 267 3474 souin
284 3419 403 3468 Neronem
420 3429 468 3475 επις
492 3418 555 3482 quod
574 3431 634 3480 segre
651 3420 706 3468 tulit
768 3422 887 3480 Etstaem
902 3422 980 3467 adure
995 3418 1108 3482 Imperii]
1125 3420 1179 3469 MS.
1191 3422 1253 3485 Reg.

190 3484 327 3538 citharedus
338 3483 455 3544 Princeps.
478 3482 565 3532 Statius
576 3481 632 3529 Silv.
646 3486 670 3538 2,
680 3486 704 3540 7,
735 3482 796 3546 Agr.
813 3484 883 3531 Corh.
900 3483 936 3532 ed.
954 3498 988 3547 pr.
1008 3486 1122 3544 Imperio,
1139 3483 1222 3532 melius
1239 3503 1254 3534 e

190 3554 230 3600 58.
263 3552 380 3609 Ingratus
391 3549 460 3594 Nero
476 3548 580 3594 deicidae
597 3547 703 3606 theatris,
736 3547 815 3594 Taciti
825 3563 896 3596 more
928 3548 1001 3595 Ena.
1033 3547 1097 3595 Bud
1109 3549 1219 3610 Imperii.

190 3612 517 3673 irremuneratam
526 3611 640 3672 Orpheus·
658 3611 704 3660 Sed
769 3613 901 3660 Aetatem
922 3613 1051 3675 Natalem]
1078 3611 1134 3660 Non
1155 3613 1253 3661 arbitror
1338 3649 1343 3654 .

189 3679 248 3792 quid
258 3677 303 3726 sibi
313 3673 496 3723 vulthicvanur
504 3676 703 3748 adsimulatione?
735 3673 804 3722 iilum
825 3691 884 3733 esse,
904 3691 975 3739 quem
992 3677 1079 3724 Seneca
1097 3692 1151 3723 cum
1167 3679 1252 3740 probro

199 3760 240 3822 ·n‚
252 3740 315 3806 quod
326 3739 391 3788 Nero
400 3753 460 3786 vano
470 3739 566 3812 ettrrito
572 3747 655 3786 conatu
666 3754 704 3786 as·
735 3738 842 3816 describit
857 3754 893 3818 ep.
905 3741 945 3795 87.
978 3743 1067 3818 Nuper
1084 3742 1185 3818 Natalis
1201 3747 1251 3788 tam

188 3802 705 3921 ttitdati‘t‘itttatttit
727 3805 1251 3930 dtttett‘rtttttttfflstt·

93 3976 96 3981 .
189 3953 236 3986 non
257 3936 348 4000 placet:
373 3947 403 3979 ne
420 3931 588 3980 Farnesisnum
608 3929 703 3992 quidem
768 3933 886 3980 Senecioe
895 3935 1019 3995 precipue
1049 3932 1251 4008 Ergon'illaqui

188 4129 350 4180 armenem
375 4125 451 4189 placet
471 4124 541 4172 etism
568 4122 655 4172 Ursino
680 4134 703 4170 et
735 4122 760 4168 in
774 4123 852 4172 Acten
867 4124 1001 4172 manate
1014 4133 1038 4172 et
1052 4124 1182 4185 rampses?
1201 4125 1252 4173 Pu.

188 4191 353 4244 Freinshemio,
375 4189 416 4236 sed
437 4188 601 4236 simulem:
628 4201 703 4234 vesus
735 4194 797 4234 tem:
815 4188 854 4235 sed
870 4186 1029 4238 ibiCleudius
1046 4187 1141 4235 Senecio
1157 4185 1253 4250 didtm,

186 4258 332 4306 aemuuaone
353 4253 451 4301 Heinsio
472 4252 496 4298 in
516 4265 590 4314 marg.
610 4251 703 4299 Morell.
733 4249 772 4298 hic
805 4250 906 4300 Tullius.
955 4252 1038 4315 itaque
1073 4265 1113 4300 me
1145 4253 1254 4307 mathsee.

192 4325 272 4370 Vastus
301 4318 486 4374 adsimulatione,
515 4329 561 4362 non
591 4315 702 4378 intelligo.
733 4314 829 4379 lens„
