3042 4950
244 237 275 282 s.
291 223 396 294 cm]
611 224 689 282 urs.
710 221 763 278 xi.
787 227 875 282 car.
897 231 943 285 14.
1272 232 1309 288 rs
1394 177 1401 189 ,

241 384 379 464 Quidam
409 385 615 473 “Cecropem
632 387 865 463 Atheniensem,
890 386 938 450 vel
963 387 1081 450 Linum
1105 387 1305 464 Thebanum,

241 482 272 535 et
298 471 488 556 temporibus
511 471 660 558 Trojanis
680 472 891 552 Palamedem,
913 471 1101 558 Argivum,”
1123 484 1305 549 memorant,

242 555 433 619 “sexdecim
452 554 626 620 litterarum
641 557 775 632 formas3
799 581 874 621 mox
891 556 977 633 alios,
992 579 1027 620 ac
1048 555 1240 652 praecipuum
1258 555 1304 620 Si-

239 639 406 718 monidem,
430 653 546 705 ceteras
570 643 746 728 reperisse.”
789 646 838 707 At
859 642 891 705 in
917 640 1010 704 Italia
1031 643 1158 704 Etrusci
1182 642 1222 704 ab
1241 642 1304 705 Co-

238 723 354 788 rintliio
364 726 546 804 Demarato,
560 727 746 814 Aborigines
756 727 882 792 Arcade
896 728 936 791 ab
948 725 1099 790 Evandro
1109 725 1302 790 dididerunt:

238 823 270 873 et
291 809 391 874 forma
415 809 525 874 litteris
550 812 684 892 Latinis,
711 837 784 900 quae
809 811 980 878 veterrimis
1003 812 1195 876 Graecorum.
1243 811 1305 873 Sed

236 894 326 958 nobis
363 919 467 980 noque
523 921 589 960 ucss
602 897 855 984 primumfuere:
872 895 1111 962 deindeadditae
1127 905 1208 959 sunt
1232 896 1304 971 Quo

235 919 380 1068 exemplo
396 919 549 1047 Claudius
564 997 625 1047 tres
646 983 764 1049 litteras
778 983 903 1068 adjecit,
917 1007 991 1070 quae
1011 982 1093 1061 usui,
1108 979 1304 1068 imperitante

279 1234 402 1293 Cecropem
412 1231 584 1290 Atheniensem,
602 1233 751 1295 velLtnnm]
817 1235 851 1280 In
862 1234 886 1281 1.
896 1234 928 1279 Ε.
941 1234 969 1279 ab
982 1234 1010 1280 C.
1020 1228 1106 1296 Dant]
1131 1229 1163 1278 Id
1172 1231 1258 1278 laisum
1270 1229 1305 1276 ri·

239 1296 364 1358 Cecropem
385 1303 463 1342 tamen
496 1295 587 1358 lerique,
599 1296 704 1358 AEgypto
719 1311 756 1344 or·
785 1294 861 1343 detur.
894 1296 958 1345 Nem
973 1304 1027 1343 ante
1040 1294 1141 1342 habuere
1156 1295 1243 1342 litteras
1258 1293 1305 1340 Pe·

236 1368 289 1407 tum
303 1359 412 1416 fatentur,
428 1366 452 1406 et
461 1312 525 1408 irinc
540 1359 645 1406 intulisse
659 1360 753 1408 litteras.
785 1359 890 1421 lasgicas,
904 1367 931 1406 nt
947 1376 961 1406 e
976 1357 1132 1406 monumentis
1146 1355 1248 1420 antiquis
1263 1356 1306 1404 do·

238 1423 315 1470 Iainus
332 1431 366 1471 est
378 1422 497 1486 Apollinis
512 1431 537 1472 et
552 1423 709 1486 Terpsichore
725 1424 753 1470 fi·
785 1438 852 1474 tuere
862 1423 987 1471 doctissimi
996 1423 1048 1484 viri,
1063 1438 1117 1485 quse
1131 1430 1186 1469 sunt
1197 1420 1305 1470 Cadmeis

236 1487 291 1546 lius,
303 1487 334 1538 de
346 1501 394 1551 quo
407 1486 507 1536 suidas:
524 1485 618 1544 slyen
633 1487 654 1532 li
668 1495 754 1548 πρῶτος
785 1487 932 1550 antiquiores.
948 1489 1021 1534 Elin.

236 1549 754 1617 rirocdrisbcnlnncyplnnarasif‘EAAmac
783 1596 787 1602 ,
826 1553 918 1598 Arcade
937 1554 965 1598 ab
983 1551 1108 1614 Evandro]
1142 1549 1228 1598 Sires
1247 1548 1305 1605 0¹¹?

237 1618 332 1673 ἀγαγεῖν.
364 1615 403 1664 lta
421 1613 485 1662 vides
504 1613 529 1662 in
551 1613 681 1662 diversitate
702 1629 753 1661 sen·
786 1624 864 1662 menta
874 1616 925 1675 ejus
934 1624 1017 1673 matre,
1029 1623 1056 1662 ut
1066 1615 1141 1662 visum
1152 1613 1212 1660 aliis
1227 1611 1304 1665 lues.

238 1679 370 1740 sentiarum,
388 1677 514 1727 consennre
532 1685 609 1725 tamen
628 1693 708 1726 omnes
725 1677 754 1726 de
819 1681 854 1726 Et
862 1680 959 1742 forma]
983 1679 1021 1727 Sic
1032 1678 1088 1725 MS.
1100 1677 1177 1724 Gueli.
1190 1677 1226 1724 ed.
1234 1693 1269 1740 pr.
1281 1685 1305 1724 et

237 1743 355 1802 Phoenioe,
365 1750 406 1792 sut
414 1743 533 1806 AEgyptor
551 1743 643 1790 ctbcne
654 1741 753 1801 Plinius,
786 1741 878 1790 Puteol-
911 1742 996 1805 Itaque
1010 1742 1096 1790 frustra
1105 1741 1159 1788 lac.
1173 1741 1304 1788 Gronovius

236 1821 364 1918 nffiuam·
372 1805 531 1918 dubitassehsit
540 1804 557 1851 l.
568 1821 587 1854 c.
599 1807 657 1869 quin
672 1805 755 1854 littere
784 1805 918 1881 obloquitur
928 1806 1050 1917 Rhenapo,
1062 1805 1103 1917 uni
1113 1805 1172 1853 hanc
1182 1805 1304 1918 leclpr‘eoffi

233 1886 251 1918 a
366 1881 469 1919 sessent.
508 1883 559 1918 irs.
786 1880 835 1919 sun
851 1885 940 1918 morem
956 1885 1012 1918 vocs
1134 1885 1190 1916 uam
1293 1895 1304 1908 -

281 1886 431 1996 differitas
457 1936 567 1996 frojam
589 1936 754 1997 Palamedem]
786 1886 934 1996 dusqsormoe
950 1934 1022 1992 dedit,
1044 1878 1235 1981 sivgssthoefimem
1253 1931 1305 1981 cod.

237 1999 373 2047 Videamus.
414 1998 523 2059 Trojauis
551 1999 693 2061 temporibus
719 2013 754 2044 re-
787 1999 850 2045 Flor.
863 1999 960 2059 formas
976 1998 1010 2045 sic
1025 1998 1147 2060 corrigens,
1166 1998 1213 2045 sive
1231 2003 1306 2046 errore

235 2072 307 2124 pertae
316 2063 419 2125 primum
429 2061 529 2108 littera?
562 2061 622 2120 imo,
635 2062 682 2108 sive
693 2061 755 2110 Cad-
786 2075 918 2123 operarum,
936 2070 963 2108 ut
980 2062 1055 2118 credo,
1070 2061 1096 2108 id
1112 2061 1184 2108 secuti
1199 2070 1254 2108 suut
1267 2076 1304 2108 oe-

237 2141 298 2184 mus,
326 2126 374 2173 sive
395 2125 495 2187 Cecrops
523 2139 562 2172 ess
589 2125 681 2185 reperit,
708 2133 755 2172 tre-
786 2124 835 2172 teri
869 2126 959 2170 Forum
977 2133 1037 2172 recte
1054 2124 1166 2172 recitata.
1198 2124 1265 2171 Male
1278 2123 1303 2173 J.

235 2189 307 2238 centis
321 2188 489 2251 propemodum
504 2197 558 2235 ante
573 2187 598 2234 id
608 2189 697 2242 bellum
713 2202 754 2235 an·
788 2188 919 2235 Gronovius
945 2188 1048 2235 defendit
1067 2189 1169 2249 formas.
1208 2187 1303 2235 Etenim

236 2254 281 2302 nis.
314 2251 619 2315 QrunetOrpbeusl’oeta
630 2251 753 2302 vixitscri·
786 2251 980 2300 dranumtione
990 2252 1025 2299 uti
1033 2252 1100 2314 coepit
1108 2252 1211 2300 Tacitus.
1227 2251 1301 2300 Eun.

237 2318 329 2381 psitqus
343 2316 535 2377 majorilloaevo.
568 2315 604 2362 At
615 2315 710 2380 quidam
721 2317 754 2364 ita
786 2315 947 2378 Budsornun

237 2389 367 2429 memorent
383 2380 413 2428 de
432 2379 563 2427 Palamede.
596 2379 642 2427 Sed
661 2379 700 2428 vix
719 2390 755 2430 ta·
834 2381 972 2427 Vcterrimir
1001 2383 1156 2444 Grncornm]
1191 2380 1305 2442 Intelligit

235 2460 290 2493 men
301 2444 374 2508 aliqui
384 2453 503 2500 veterum
520 2455 543 2492 et
552 2443 582 2492 ed
593 2442 662 2492 fidem
676 2459 754 2493 rerum
788 2444 925 2493 Phoenicias.
960 2445 1021 2492 Rern
1038 2445 1071 2493 it‘s
1084 2461 1141 2506 esse,
1154 2444 1250 2507 videbit,
1264 2444 1305 2507 qui

236 2510 360 2558 emendent
389 2510 492 2565 Quidam
512 2511 637 2570 Cecropem
654 2510 755 2557 Annas-
787 2508 903 2557 Chishulli
924 2509 1028 2558 tabulam
1045 2520 1099 2557 aute
1115 2510 1242 2568 laudatam,
1264 2522 1306 2556 sut

235 2589 319 2631 mrem,
338 2575 375 2621 vel
387 2574 477 2619 Linum
495 2574 640 2629 Thebanum,
656 2575 754 2620 sedecim
786 2573 857 2621 etiam
876 2582 968 2626 ceteros,
986 2589 1046 2635 quos
1067 2573 1170 2631 laudavi,
1193 2572 1304 2636 inspiciet.

237 2639 373 2685 litterarum
388 2637 494 2699 formos,
516 2644 538 2683 el
564 2638 675 2699 Trojcnis
696 2644 754 2685 lem-
787 2637 918 2684 Swintonus
937 2646 1015 2684 autem
1038 2637 1090 2684 diss.
1108 2642 1132 2684 5.
1146 2637 1207 2685 cde
1223 2636 1303 2700 priscis

232 2704 330 2762 poribus
342 2702 493 2749 Palamedem
504 2702 627 2761 Argiuum
644 2707 691 2749 tres
707 2718 754 2750 me-
786 2701 856 2748 Rom.
868 2700 939 2748 literis
955 2717 979 2765 p.
997 2703 1035 2749 13.
1046 2702 1178 2748 veterrimas
1194 2700 1304 2762 iutelligit

237 2773 338 2820 inerant,
349 2780 404 2813 mon
414 2766 472 2813 allos
485 2781 512 2811 ac
518 2766 638 2826 precipue
649 2766 753 2813 Simoni·
787 2765 916 2826 Pelasgicos
927 2781 945 2812 s.
953 2766 1070 2820 Etnueas,
1083 2766 1199 2812 etlitteras
1208 2764 1305 2811 Latium

237 2830 288 2876 dem
310 2837 395 2877 ecte-ras
417 2831 535 2890 reperisse.
571 2829 609 2875 lta
626 2844 660 2875 res
677 2828 754 2877 habet.
786 2842 832 2876 non
854 2838 963 2887 recentes,
982 2845 1035 2892 quae
1053 2828 1129 2876 Taciti
1148 2837 1214 2875 aetate
1231 2828 1304 2884 fuere,

236 2893 340 2941 Sedecim
357 2893 438 2941 littere
448 2892 537 2953 primo:
556 2892 692 2939 Pttlsmedes
709 2901 754 2941 tres
785 2892 825 2939 sed
841 2890 989 2955 antiquiores,
1000 2908 1053 2955 que
1063 2893 1149 2939 eaedem
1165 2906 1220 2939 cum
1231 2891 1304 2939 Etru-

235 2956 332 3014 sddidit,
351 2964 377 3003 ut
397 2956 499 3005 isidorus
517 2957 534 3003 l.
551 2972 571 3003 c.
589 2965 679 3003 censet:
706 2957 753 3005 sive
786 2956 837 3003 scis.
860 2956 937 3003 Falso.
962 2957 1027 3004 Nam
1038 2955 1306 3004 TacitusdisertePboe·

237 3030 344 3083 quatuor,
362 3030 389 3067 ut
403 3021 493 3069 Plinius
511 3020 536 3080 7,
556 3020 596 3074 57.
628 3020 712 3068 Suides
728 3021 753 3069 in
785 3020 857 3067 niens
867 3020 1048 3068 macredinem
1058 3019 1304 3084 antiquissimssiecit.

236 3085 371 3143 Παλαμήδης
389 3088 424 3148 (et
439 3100 480 3149 per
496 3100 535 3133 me
549 3084 642 3148 quidem
660 3085 684 3131 in
704 3084 752 3133 Ta·
784 3084 857 3131 Eas.

236 3149 281 3195 cito
292 3148 361 3196 etiam
369 3149 459 3211 legeris,
473 3150 752 3210 Palamedemdrgtvum
824 3150 869 3196 Sed
889 3152 953 3196 violis
972 3163 1060 3211 quoquc
1083 3165 1166 3211 pastcoe
1211 3148 1304 3197 Latinis

235 3214 260 3269 l,
280 3219 425 3260 memorant:
454 3226 508 3259 nam
530 3228 559 3261 ex
583 3212 643 3260 notis
665 3213 754 3261 omneis
785 3212 920 3275 primonon
936 3213 980 3260 nisi
993 3216 1022 3260 16
1032 3213 1120 3261 littera.
1194 3228 1240 3275 ppa
1250 3212 1303 3261 Sal-

235 3276 382 3339 confusisque
395 3276 434 3324 hic
456 3275 528 3337 error)
551 3277 608 3324 alias
624 3276 753 3325 Simonides
784 3276 868 3324 Iustius
895 3276 1055 3339 ludimagister
1076 3276 1179 3325 invenit:
1207 3291 1302 3339 gemunt
1354 3324 1360 3334 ,

235 3340 431 3403 Pythagoraeque.
452 3340 529 3388 Possis
540 3342 610 3387 etiam
621 3340 695 3389 verbis
705 3354 752 3389 non
784 3341 883 3403 Spurius
904 3340 1035 3388 Carvilius:
1064 3340 1166 3388 litteram
1193 3340 1218 3387 X
1245 3348 1303 3388 retes

235 3404 334 3464 nsjoetis
360 3404 469 3453 scribere:
500 3406 605 3462 Quidum
628 3406 752 3467 Cecropem
783 3404 895 3466 Augusti.
913 3404 988 3451 ers.

235 3468 401 3517 Atheniensem
428 3471 465 3517 vel
485 3471 575 3517 Linum
607 3470 750 3517 Thebanam.
827 3470 943 3517 Claudius
954 3475 1001 3516 tres
1011 3471 1102 3516 litteras
1112 3468 1208 3530 arlJ‘ecit]
1236 3470 1301 3517 Suet.

235 3534 270 3580 El
298 3534 438 3593 tentporilnr
468 3535 577 3597 Trojnnis
601 3534 752 3583 Palamedem
786 3534 822 3579 14.
857 3534 942 3580 Novar
963 3536 1035 3580 ctiam
1053 3538 1195 3579 commentus
1211 3540 1245 3580 ert
1261 3535 1302 3579 lit-

235 3597 359 3657 Argiuum
375 3599 531 3645 memoranti
547 3599 681 3645 litterarum
696 3599 752 3659 sor-
785 3592 851 3643 tera!
869 3604 923 3657 tres,
946 3612 974 3643 ac
992 3611 1088 3644 narras-m
1109 3603 1214 3643 velerum
1235 3599 1301 3659 quasi

234 3671 347 3719 manete.
381 3660 433 3709 Etsi
443 3660 515 3708 fateor
526 3660 753 3723 tamen,in(lorgiae
784 3665 886 3708 masinae
907 3664 1045 3709 necessarias
1067 3662 1166 3708 addidit.
1199 3662 1303 3725 Uterque

236 3723 401 3772 declamatione
423 3740 465 3787 pro
487 3724 611 3773 Palamede
632 3739 685 3772 eum
708 3726 753 3773 dici
783 3741 832 3773 esse
852 3725 940 3773 litteras
964 3735 1008 3771 tres
1032 3726 1072 3773 ait
1105 3726 1150 3773 Sed
1177 3725 1302 3788 querimus

234 3795 352 3837 auctorem
363 3789 497 3837 litterarum
508 3792 586 3841 ἁπλῶς
594 3798 618 3836 et
628 3788 753 3837 indefinite.
783 3804 834 3837 cas:
863 3799 887 3837 et
907 3790 1046 3852 quibusdam
1067 3790 1142 3837 visum
1163 3788 1302 3852 promptius,

236 3851 320 3915 Itaque
341 3866 387 3899 non
409 3852 478 3900 nimis
500 3852 623 3915 pertendo:
648 3853 690 3900 etsi
710 3868 753 3915 pro
784 3853 890 3901 dubitare
911 3852 941 3900 de
961 3853 1066 3902 Suetonii
1092 3853 1212 3915 scripnrra.
1245 3853 1302 3899 Non

235 3930 288 3963 mes
305 3916 417 3965 sententia
431 3918 484 3965 licet
497 3919 611 3965 lrenieum
625 3916 694 3965 etiem
712 3917 754 3964 sd-
784 3917 899 3967 adhibebo
918 3916 944 3965 id
965 3918 1101 3965 maurelium
1125 3917 1223 3979 ignavie
1244 3931 1303 3962 mere

235 3979 375 4027 dssadvers.
400 3980 489 4029 Iiaeres.
505 3981 527 4040 1,
550 3982 579 4027 12
591 3979 655 4043 (lb).
674 3981 751 4029 ers·
786 3997 835 4043 ego.
870 3982 1009 4029 Plenissime
1023 3991 1069 4028 tres
1081 3981 1194 4029 Claudius
1212 3978 1303 4040 reperit.

237 4042 314 4091 Taciti
330 4044 452 4091 lectionem
465 4045 586 4107 vulgatam
597 4044 699 4092 defendit
710 4046 755 4093 Ga·
787 4045 907 4093 AEolicum
918 4044 1043 4107 digamma,
1054 4046 1122 4106 cujus
1138 4044 1206 4090 facies
1220 4042 1302 4090 littere

238 4108 353 4156 saubonus
369 4108 399 4155 ad
416 4110 509 4158 Sueton·
522 4108 604 4156 Claud
621 4109 755 4172 c.il.pro·
788 4110 930 4171 qinversae.
963 4108 1115 4167 Quinctiis,
1133 4106 1214 4162 7,27·
1248 4108 1303 4154 Nec

238 4170 290 4217 latis
306 4172 439 4220 Graecorum
458 4173 595 4235 scriptorum
612 4172 677 4235 lucis,
694 4172 756 4223 idem
789 4176 906 4221 inutiliter
924 4175 1039 4222 Cletnrlins
1058 4174 1175 4220 AEnlicsm
1197 4171 1262 4216 illam
1277 4184 1303 4230 ‚q

240 4234 270 4281 de
281 4236 403 4286 Palamede
414 4237 561 4303 merientium,
578 4236 651 4291 Ebu.
789 4240 819 4286 ed
837 4239 879 4286 lios
892 4253 948 4285 nme
964 4240 1099 4286 litterarum
1114 4235 1236 4297 arljeccrat.
1270 4234 1303 4280 m
