3042 4950
246 255 284 317 74
662 259 893 321 susumurr
1143 217 1323 340 [nasos.

244 417 380 497 fortuna,
396 418 574 484 disseruisse
589 421 676 508 apud
690 425 846 488 Caesarem
868 425 1037 490 ferebatur.
1081 427 1241 513 Elataque
1253 450 1317 494 vox

243 503 312 586 ejus
335 503 367 566 in
381 504 514 591 vulgum
537 504 620 570 hisce
634 507 755 573 verbis:
780 517 803 552 ‘⁴
816 533 879 574 non
902 533 972 574 sum
986 510 1189 577 remissus-ad
1203 526 1245 592 tc,
1261 515 1316 578 md

241 605 400 654 reversus:
415 590 476 668 vel,
492 589 518 654 si
532 612 595 654 non
608 592 718 672 credis,
731 593 853 658 dimitte
866 608 898 659 et
911 597 1046 682 quaere.”
1068 596 1173 662 Vultu
1187 621 1316 686 quoque

241 671 381 738 interrito
394 676 572 761 permansit,
584 699 655 740 cum
670 690 772 742 rostra
780 679 885 765 juxta,
897 681 1080 745 custodibus
1093 683 1314 763 circumdatus,

240 757 321 821 visui
334 758 453 846 populo
466 761 666 846 preberetur.
710 763 896 828 Consularis
908 765 1042 853 insignia
1056 766 1171 847 Ciloni,
1185 770 1314 856 Aquilae

241 843 394 908 Praetoria
408 844 630 912 decernuntur.
1308 878 1310 881 ·

283 928 404 994 XXII.
426 929 542 995 Iisdem
558 931 759 1012 Consulibus,
775 945 865 998 atrox
879 935 943 998 odii
957 935 1137 1033 Agrippina
1149 960 1186 1000 ac
1200 938 1312 1022 Iolliae

238 1011 368 1092 infensa,
384 1014 471 1100 quod
491 1038 595 1080 secum
609 1016 650 1081 de
663 1017 860 1082 matrimonio
874 1019 1029 1108 Principrs
1043 1023 1230 1102 cenavisset,
1244 1047 1311 1089 mo-

237 1096 316 1162 litur
334 1099 462 1162 crimina
476 1113 508 1165 et
529 1114 750 1183 accusatorem,
766 1103 822 1190 qui
839 1104 986 1202 objiceret
1008 1113 1032 1145 “
1047 1107 1222 1186 Chaldaeos,
1243 1131 1309 1174 ma·

237 1205 305 1269 gos,
319 1184 609 1271 interrogatumque
622 1185 781 1285 Apollinis
797 1188 894 1252 Clarir
915 1190 1126 1271 simulacrum,
1142 1215 1237 1279 super
1250 1215 1311 1258 nu·

237 1269 311 1354 ptiis
333 1270 562 1356 Imperatoris.”
606 1272 693 1336 Exm
717 1273 882 1352 Claudius,
906 1275 1046 1340 inaudita
1064 1298 1128 1356 rea,
1149 1278 1249 1343 multa
1269 1279 1310 1346 de

235 1353 422 1418 claritudine
437 1356 505 1454 ejus
523 1357 610 1444 apud
625 1359 777 1423 Senatum
796 1360 958 1446 praefatus,
980 1368 1003 1399 “
1018 1384 1121 1426 sorore
1136 1363 1176 1426 L.
1189 1363 1310 1428 Volusii

234 1440 383 1524 genitam,
395 1462 546 1527 majorem
557 1441 585 1505 ei
638 1455 746 1508 truum
757 1443 884 1508 Cottam
893 1445 1110 1510 Messallinum
1117 1452 1194 1527 esse,
1204 1450 1309 1513 Mem-

236 1523 299 1588 mio
341 1524 477 1588 uoudam
497 1527 591 1614 Regu
604 1551 624 1592 o
646 1542 796 1614 nuptam:
824 1551 896 1593 nam
918 1529 958 1594 de
979 1535 1018 1597 C.
1034 1532 1165 1596 Caesaris
1189 1534 1309 1621 nuptiis

234 1547 376 1674 consriito
390 1610 538 1675 reticebat
546 1613 573 1674 :''
595 1613 718 1678 addidit
733 1615 936 1703 “peruiciosa
950 1616 983 1680 in
995 1619 1076 1681 Rern
1103 1617 1261 1697 ‚consilia
1276 1632 1309 1684 et

152 1721 155 1730 ¹
238 1695 396 1758 materiem
409 1695 514 1759 sceleri
522 1697 755 1763 detrahendam.
779 1700 886 1777 Proin,
898 1701 1065 1786 publicatis
1075 1641 1176 1777 ionis,
1186 1703 1308 1768 cederet

237 1779 358 1844 Italia.’'
380 1781 430 1845 Ita
441 1781 515 1867 quin
541 1783 648 1868 uagies
663 1784 849 1864 sestertium,
860 1807 899 1848 ex
913 1786 1027 1882 opibus
1040 1787 1197 1866 inmensis,
1208 1788 1309 1852 exsuli

235 1865 387 1930 relictum.
437 1867 484 1930 Et
510 1805 682 1954 (iaipurnia
707 1868 847 1934 inlustris
871 1870 987 1935 femrna
1053 1873 1212 1952 rvertitur,
1232 1874 1308 1958 quia

233 1947 367 2014 formam
386 1951 455 2038 ejus
475 1951 659 2018 laudaverat
674 1953 836 2052 Princeps,
850 1953 937 2020 nulla
950 1895 1090 2036 libidis,
1105 1958 1160 2021 sed
1174 1958 1305 2024 fortuito

233 2057 388 2100 sermone:
414 2037 496 2100 unde
511 2038 558 2102 vis
569 2039 758 2125 Agrippina
772 2053 849 2117 citra
862 2040 974 2105 ultima
986 2043 1079 2106 stetit.
1118 2045 1160 2106 In
1171 2041 1307 2108 Lolliam

232 2121 368 2184 mittitur
384 2121 559 2201 Tribunus,
575 2147 595 2188 a
608 2146 672 2208 quo
687 2124 729 2187 ad
747 2137 881 2190 mortem
894 2125 1084 2212 adigeretur.
1126 2129 1306 2192 Damnatus

232 2221 264 2270 et
278 2205 307 2269 le
330 2230 346 2270 e
360 2207 605 2292 repetundarum
620 2209 739 2274 Cadius
755 2210 872 2288 Rufus,
887 2207 1105 2276 accusantibus
1120 2209 1277 2300 Bithynis.

320 2291 427 2356 XIII.
443 2292 562 2362 ,Gallias
585 2295 793 2374 Narbonensi,
818 2296 860 2360 ob
881 2295 1041 2383 egregiam
1064 2295 1099 2360 in
1124 2299 1235 2362 Patres
1257 2320 1306 2362 re-

231 2377 411 2456 verentiam,
432 2377 553 2458 datum,
578 2386 600 2419 “
614 2393 652 2444 ut
668 2381 871 2446 Senatoribus
883 2383 953 2468 ejus
972 2381 1151 2469 provinciae,
1174 2403 1238 2467 non
1252 2402 1305 2447 ex·

163 2626 172 2637 “
226 2598 744 2710 cataractarum
782 2599 863 2711 itt·
888 2598 1110 2711 silim
1128 2599 1303 2727 Cladi?

228 2726 380 2787 προκέφαλος.
413 2725 562 2775 Declamator
570 2726 596 2773 in
607 2697 745 2775 Sallustiani
782 2697 869 2775 anni
884 2728 1022 2774 eamtnttau
1039 2728 1082 2774 sul
1099 2696 1198 2775 (ilcadle
1210 2743 1238 2775 se
1249 2730 1304 2776 Ne·

227 2790 580 2855 cliprohominibusueqrrsm
588 2790 745 2855 improbisque
782 2804 838 2838 rene
849 2793 987 2839 aarum.
1019 2790 1046 2839 si
1061 2798 1190 2850 mutamus,
1201 2793 1303 2855 lageran
1394 2814 1397 2818 ·

227 2854 328 2917 accepitc
353 2855 475 2915 Quidquid
490 2856 673 2917 impudicorum,
688 2858 745 2903 etl).
785 2856 883 2903 Tadius.
901 2856 977 2903 Ltrs.
993 2855 1100 2903 Firmani
1110 2857 1199 2904 Cadius
1208 2857 1302 2904 namuri

226 2932 294 2976 aum,
309 2920 500 2979 parasitarum,
516 2921 692 2981 marilegcrum,
706 2922 746 2968 de«
782 2935 820 2981 ap.
833 2920 975 2967 Pellerinum
981 2919 1006 2966 in
1013 2920 1117 2967 nummis
1123 2920 1217 2968 urbium
1225 2922 1301 2985 cap.

227 2984 330 3030 litorum
342 2984 367 3030 ln
378 2990 427 3031 toto
438 2984 559 3045 arbesult.
577 2983 640 3031 Vide
647 2984 744 3031 Festum
782 2984 838 3039 227.
855 2982 914 3032 (lod.
927 2984 987 3046 Reg.
999 2985 1122 3032 Claudiis.
1133 2984 1193 3047 Agr.
1205 2986 1302 3033 eatan.

226 3048 251 3095 iu
264 3048 332 3095 catto
343 3039 438 3096 et‘Ctlo.
463 3046 539 3095 Iurs.
782 3048 827 3096 vir
837 3048 919 3096 doctm
929 3062 967 3110 sp.
977 3047 1097 3112 Rycldum
1109 3049 1200 3096 emtus
1210 3064 1223 3097 e
1233 3048 1302 3097 Mar·

259 3113 381 3161 ScroreL.
394 3114 485 3160 Volusii
493 3111 609 3173 gruttam]
630 3111 747 3173 Decujns
781 3111 917 3168 alutae.
950 3110 1013 3159 Mox
1026 3112 1302 3178 pmluPatmdp.

225 3176 301 3239 gentis
311 3176 430 3225 nobilitate
442 3176 545 3225 Rutilius
559 3176 584 3223 in
596 3176 675 3236 Itiner.
690 3176 743 3225 ms.
780 3179 808 3223 la
818 3184 908 3239 parter,
920 3176 1009 3225 solenni
1022 3176 1094 3225 etism
1104 3176 1130 3223 in
1144 3176 1234 3241 scriptis
1245 3192 1300 3226 con.

228 3244 277 3298 Qut
302 3240 381 3289 Volusi
397 3244 494 3304 antiquo
513 3242 603 3289 claruet
624 3247 745 3289 stemmate
780 3237 879 3289 fusione.
895 3240 967 3289 Eas.
1001 3240 1035 3287 H.
1048 3241 1072 3299 1,
1081 3241 1122 3295 77.
1131 3241 1302 3303 codaAgrbs·

225 3320 325 3364 amnem
343 3308 379 3353 Et
394 3306 472 3369 Reges
483 3308 594 3367 Rutulos,
613 3312 669 3353 terte
685 3308 745 3357 Ms-
779 3306 820 3352 bet
832 3306 956 3353 t'aattm:
972 3305 1027 3353 inde
1041 3305 1172 3363 conjectata
1182 3304 1211 3352 dc
1224 3306 1302 3355 Carrio

225 3384 282 3416 rone
292 3371 374 3432 refert.
391 3369 467 3418 Irrrs.
781 3368 964 3431 &manposset-

263 3434 382 3481 Memmio
403 3435 519 3495 quondm
541 3435 648 3497 Regulo]
681 3432 744 3483 Vide
784 3479 790 3487 ,
815 3434 849 3480 Ut
860 3432 1010 3480 sesamam
1026 3434 1076 3495 ejus
1086 3433 1232 3497 prusiada]
1257 3432 1301 3481 Ia.

224 3496 353 3545 Suetonio
362 3496 419 3546 Caio
427 3501 468 3547 25.
477 3498 691 3563 itemqneDiouem
700 3500 743 3556 69,
779 3498 835 3544 bera
845 3498 907 3559 ch.
919 3496 1020 3544 liberam
1036 3496 1185 3544 Senatoribns
1199 3496 1301 3560 peregri.

226 3561 264 3608 la.
297 3561 382 3609 Statim
400 3576 444 3611 vox
458 3564 549 3625 nuptiis
565 3564 630 3609 abest
646 3561 741 3611 Fames.
779 3560 831 3607 nari
846 3560 915 3609 etiarn
933 3560 966 3609 rai
982 3560 1077 3624 privata
1085 3574 1174 3609 caussa.
1207 3561 1237 3608 Id
1248 3570 1300 3610 tan.

224 3624 310 3674 codicir
329 3625 434 3673 stillam
444 3627 556 3674 sententia
564 3632 647 3689 potest.
665 3624 742 3675 lars.
779 3631 832 3672 turn
848 3625 1014 3689 moogimmm,
1031 3633 1059 3673 ut
1074 3624 1159 3687 legatio
1169 3624 1242 3673 lrbera
1256 3642 1298 3689 pe.

225 3690 262 3737 Cf.
277 3690 315 3750 14,
327 3689 368 3746 47.
384 3690 451 3737 Male
460 3690 495 3737 ed.
508 3698 555 3737 ant.
568 3691 679 3737 Menate.
780 3696 867 3737 teretur
888 3704 903 3736 a
924 3689 1013 3737 Senatu
1036 3696 1227 3763 sumereturquc3
1252 3704 1302 3753 quo

257 3757 293 3803 Et
309 3756 430 3801 macrum
446 3752 538 3815 cocart]
563 3754 609 3802 Ed.
620 3769 656 3816 pr.
669 3760 743 3803 mra.
778 3753 862 3813 majori
877 3755 983 3801 abessent
997 3768 1052 3800 cum
1067 3752 1187 3815 digmtate·
1220 3753 1301 3802 Cicero

225 3821 286 3867 rtem
297 3820 403 3866 celeriter
413 3818 588 3866 detrahendum.
611 3818 744 3867 Materiam
779 3832 846 3881 sepe.
879 3818 924 3875 At,
934 3816 1000 3881 lapsa
1010 3832 1058 3880 rep.
1069 3817 1095 3863 in
1105 3817 1246 3873 servitutem,
1256 3818 1299 3866 Se·

223 3884 314 3947 primus
322 3882 399 3931 Rhen-
409 3882 473 3930 dedit
484 3884 509 3946 (e
515 3880 600 3944 Bud).
612 3880 673 3929 Mox
682 3881 743 3932 Aci·
779 3882 898 3930 natatibus
915 3882 986 3929 edam
1004 3882 1114 3945 adempta
1128 3880 1179 3929 hac
1195 3880 1297 3929 rioms

222 3948 298 3997 dalius
307 3954 373 4011 putat
381 3949 415 3995 tta
421 3946 583 4010 incongruum,
591 3945 684 4009 legique
692 3948 743 3995 vult
778 3946 902 4008 Augustus
912 3946 943 3993 id·
953 3945 1053 4002 instituit
1066 3944 1165 4008 impetro
1174 3944 1298 4007 firmandm

223 4020 258 4071 at,
269 4014 306 4063 vel
317 4011 514 4075 expungendum,
531 4011 623 4059 fnrstra
657 4009 743 4061 Sensus
779 4017 802 4056 et
812 4010 894 4072 nequis
908 4009 1062 4057 illustriorum
1073 4008 1242 4085 commearent!
1256 4023 1298 4084 ex.

224 4088 273 4125 est:
290 4077 328 4125 his
344 4076 411 4125 dictis
430 4076 528 4124 Senatus
545 4084 623 4123 motus
641 4074 742 4123 decrevit
778 4072 862 4121 arcitus
878 4083 919 4123 aut
934 4073 1055 4121 conciliare
1069 4072 1155 4119 milites
1169 4086 1299 4135 provinus-

222 4142 330 4189 exsilium
343 4149 366 4189 et
376 4140 555 4204 publicationem
566 4142 690 4197 bonorum,
701 4138 742 4187 sed
777 4136 929 4201 lesveposset.
941 4136 1205 4200 Dioelcgmteraama.
1223 4144 1299 4200 Προσ-

222 4214 250 4253 ut
287 4205 424 4270 uinquagies
446 4204 503 4252 telin
521 4212 611 4252 ueretur
630 4216 643 4250 e
664 4202 738 4251 bottis.
779 4204 858 4247 ccclx·
874 4206 935 4249 πᾶσι
951 4202 1136 4255 castratiloci
1148 4202 1181 4263 μὴ
1200 4200 1298 4256 ἐκδημεῖν

223 4268 262 4316 De
271 4222 357 4317 dividis
368 4270 451 4317 Lollia
460 4220 551 4317 Plitiiut
562 4270 586 4329 9,
598 4270 638 4316 58.
655 4266 727 4315 ERN.
777 4262 819 4326 ἔξω
829 4268 870 4319 τῆς
878 4266 987 4323 Ἰταλίας,
996 4264 1021 4311 ἂν
1028 4264 1060 4320 μὴ
1069 4265 1183 4342 adflcrm
1192 4265 1295 4329 κελεύσῃ,

256 4331 343 4381 Cadius
354 4334 446 4398 Rufitr]
465 4332 656 4397 Maleegoolim‚
665 4332 740 4380 Clau·
776 4326 839 4379 inat
855 4328 972 4397 ἐπιτρίψῃ.
1006 4327 1048 4375 Kal
1065 4344 1129 4373 τουτο
1141 4328 1250 4404 καὶιὸοεῢρο
1262 4326 1295 4373 tal

220 4399 294 4453 dtur,-
311 4394 590 4456 malevirdoctuainRe
598 4396 738 4455 nummaria,
775 4392 928 4452 φυλάσσεται.
964 4391 1115 4453 Quamquam
1125 4406 1246 4467 ,pressisse
1264 4389 1295 4438 ad

223 4462 326 4510 Caua
342 4458 448 4509 restituit.
484 4461 529 4509 Est
539 4462 587 4522 ille,
604 4462 633 4511 de
644 4476 690 4525 quo
702 4460 735 4508 Η.
772 4457 817 4505 hoc
836 4457 925 4507 factum
947 4456 1058 4521 Augusto
1079 4454 1160 4504 Julius
1185 4456 1297 4504 vrdstara
