3042 4950
211 242 272 299 aaa
626 236 854 297 nuunuun
893 233 897 241 ·
1095 232 1275 309 [asars-

213 399 388 463 Ferebatur
405 405 426 437 “
437 398 564 477 Seneca,
581 422 645 485 quo
658 400 806 464 invidiam
825 396 1014 483 sacrilegiis
1037 410 1133 459 semet
1154 411 1273 462 averte-

210 498 269 562 ret,
295 482 456 569 longinqui
482 483 563 548 ruris
593 508 743 549 secessum
776 486 919 559 oravisse,
945 496 986 557 et,
1011 493 1179 567 postquam
1206 505 1270 545 non

208 566 445 644 concedebatur,
461 569 532 632 ficta
550 569 737 647 valetudine,
752 570 842 655 quasi
861 589 944 652 aeger
962 566 1075 643 nervis,
1089 566 1268 631 cubiculum

155 678 157 682 ⁴
210 662 273 715 non
287 656 455 737 egressus.”
479 653 652 717 Tradidere
665 654 806 740 quidam,
822 662 844 693 ‘⁶
853 647 1005 716 venenum
1016 651 1043 713 ei
1052 673 1110 735 per
1122 650 1268 716 libertum

211 737 318 823 ipsius,
337 738 387 801 cui
406 760 518 801 nomen
545 739 716 823 Cleareieua,
731 751 875 823 paratum
896 738 988 823 jussu
1014 735 1170 807 Neronis3
1193 737 1270 799 vita-

212 835 342 907 tumque
363 846 381 885 a
405 826 530 900 Seneca,
552 822 727 907 proditione
748 822 860 900 liberti,
884 845 939 885 seu
952 819 1079 906 propria
1092 820 1268 900 formidine,

212 906 288 969 dum
305 906 435 993 simplici
449 907 533 970 victu
549 921 580 971 et
593 908 767 993 agrestibus
776 907 888 995 pomis,
902 930 949 983 ac,
966 906 992 970 si
1006 904 1072 969 sitis
1082 904 1271 986 admoneret,

212 992 386 1077 profluente
399 990 591 1077 aquatilem
605 992 743 1055 tolerat.''

258 1077 383 1140 XLVI.
408 1079 470 1140 Per
484 1075 566 1139 idem
582 1091 704 1162 tempus
718 1076 904 1162 gladiatores
917 1074 1003 1162 apud
1016 1074 1167 1161 oppidum
1183 1078 1269 1140 Prae-

212 1174 308 1237 neste,
324 1172 442 1224 tentata
460 1161 630 1247 eruptione,
650 1161 795 1247 praesidio
811 1161 927 1237 militie,
952 1160 1007 1245 qui
1026 1172 1130 1223 custos
1152 1160 1272 1239 aderat,

210 1245 333 1308 coerciti
356 1258 447 1318 sunt,
469 1246 537 1331 jam
560 1246 778 1332 “Spartacum
797 1259 829 1309 et
850 1260 955 1309 vetera
973 1245 1071 1308 mala''
1094 1245 1272 1309 rumoribus

211 1330 328 1393 ferente
387 1329 472 1415 pulo,
494 1344 530 1393 ut
552 1348 598 1394 est
618 1353 770 1394 novarum
793 1354 899 1393 rerum
917 1330 1270 1415 cupienspavidusque.

210 1416 277 1478 Nec
289 1437 341 1477 mu
355 1428 387 1478 to
400 1427 470 1500 post
481 1414 582 1478 clades
593 1414 635 1478 rei
646 1414 762 1478 navalis
771 1414 939 1501 accipitur;
964 1436 1026 1477 non
1037 1413 1137 1486 bello;
1152 1415 1270 1499 quippe

210 1500 296 1563 haud
310 1498 384 1563 alias
401 1514 464 1563 tam
486 1498 604 1562 inmota
622 1522 702 1585 pax:
727 1498 781 1562 sed
802 1497 922 1564 certum
936 1499 976 1563 ad
992 1498 1074 1562 diem
1090 1499 1123 1561 in
1138 1501 1271 1585 Campa-

210 1583 293 1646 niam
313 1584 413 1647 redire
429 1583 557 1647 classem
580 1586 666 1648 Nero
682 1585 828 1671 jusserat,
849 1607 911 1648 non
933 1584 1069 1670 exceptis
1090 1582 1182 1646 maris
1195 1584 1272 1647 casi-

208 1669 276 1732 bus
321 1668 410 1755 Ergo
432 1670 662 1753 gubernatores
687 1669 830 1765 quamvis
849 1670 998 1733 saeviente·
1011 1668 1140 1756 pelago,
1155 1691 1175 1731 a
1194 1670 1282 1731 For-¹

209 1754 279 1817 miis
298 1766 440 1817 movere:
476 1768 507 1815 et
528 1752 617 1839 gravi
638 1754 755 1830 AfrrcO,
779 1754 856 1817 dum
881 1754 1127 1840 promontorium
1155 1752 1270 1816 Miseni

210 1861 355 1923 superare
374 1837 576 1917 contendunt,
598 1838 748 1901 Cumanis
770 1839 926 1904 littoribus
948 1838 1075 1924 inpacti,
1098 1838 1271 1902 triremium

211 1924 262 2009 ple
334 1942 374 1987 ue
388 1937 419 1986 et
433 1922 552 1986 minora
570 1923 694 2009 navigia
707 1924 821 2009 passim
835 1924 1014 1988 amiserunt,
1079 1976 1082 1984 .

253 2008 321 2072 XL
357 2007 398 2070 ΙΙ.
409 2006 486 2070 Fine
501 2008 574 2070 anni
589 2008 924 2157 vnlgantuzl'mdigii
943 2006 1160 2073 inminentium
1175 2007 1271 2071 malo-

208 2114 277 2157 rum
287 2092 406 2157 nuntia.
438 2091 497 2156 Vis
505 2092 667 2178 fulgurum
677 2116 738 2157 non
779 2094 823 2157 ias
831 2094 976 2171 crebrior,
991 2092 1117 2157 etsidus
1125 2106 1271 2172 cometes,

109 2282 112 2289 v
208 2260 428 2307 businduitamros.
461 2258 575 2309 Hoclooo
591 2260 720 2319 motus,si-
752 2265 799 2307 rat.
816 2259 889 2307 Ean.
915 2259 955 2307 Sic
965 2258 1088 2321 etcAgr.
1114 2258 1267 2322 saeptam

206 2324 304 2387 mulque
326 2323 441 2385 frequenti
467 2322 530 2384 spud
550 2333 655 2370 nostrum
676 2339 720 2371 usu
752 2324 809 2386 Bip.
976 2382 979 2388 Ι

205 2387 318 2437 contrario
333 2387 488 2448 metaphorica
504 2386 565 2433 vocis
575 2402 659 2434 essere
669 2401 720 2434 mo.
786 2388 858 2434 Malo
867 2384 1013 2449 rumoribus]
1046 2385 1093 2433 Hic
1099 2386 1268 2449 pessimeBud.

206 2461 252 2510 tus,
270 2452 298 2498 P.
311 2451 392 2498 -Fsber
408 2452 470 2500 Sem.
492 2452 516 2510 2,
537 2452 575 2499 16.
594 2452 624 2498 ab
642 2466 721 2500 emen-
753 2454 870 2498 maiorm
887 2453 997 2498 mutius.
1040 2450 1100 2497 lllorr
1109 2464 1160 2560 pro
1173 2452 1270 2514 fucate

206 2515 283 2564 dando
301 2515 351 2562 loco
369 2530 465 2562 manum
484 2515 600 2562 abstinuit
637 2515 674 2563 ct
698 2526 721 2564 et
751 2515 1048 2576 Heins.eonjicitsereute‚
1061 2513 1108 2560 hau
1136 2513 1169 2563 ita
1178 2515 1246 2562 male.

207 2579 288 2627 Barth.
299 2578 329 2624 sd
341 2579 423 2627 Claud.
435 2580 508 2626 Arnz.
519 2579 549 2626 ad
558 2579 620 2626 Plin.
632 2579 719 2642 Paneg.
784 2583 853 2627 Dum
859 2580 1049 2642 promontorium
1060 2577 1158 2642 Miseni]
1180 2578 1268 2626 Classis

207 2660 226 2692 c.
239 2643 277 2690 til.
291 2643 375 2690 Burm.
385 2642 416 2690 ad
432 2643 523 2690 Patron.
541 2657 560 2689 c
576 2644 599 2691 4.
618 2643 679 2690 Vide
698 2652 720 2690 ct
752 2643 861 2692 Romans
871 2644 895 2690 in
906 2652 975 2705 portu
991 2642 1269 2692 Misenensiordinariarn

209 2706 305 2765 Gelli,
321 2710 360 2754 29.
752 2708 873 2754 stationem
909 2707 1017 2766 habebat,
1043 2707 1079 2753 uti
1107 2705 1270 2754 Alexandrina

239 2771 370 2818 Ferebatur
381 2771 479 2834 stenem]
505 2770 582 2818 Rhea.
591 2785 604 2818 e
612 2770 675 2817 Bud.
688 2771 720 2818 sic
752 2771 864 2829 Puteolis,
881 2780 909 2818 ut
919 2773 1002 2820 Strabo
1014 2772 1053 2829 17,
1066 2787 1090 2834 p.
1102 2771 1164 2824 79&
1173 2770 1268 2819 indicat·

207 2834 713 2962 mittettrn‘tttttuua
751 2834 1268 2962 lillitillsltglliitiilitit

207 2962 304 3024 Respice
315 2961 345 3009 ad
355 2979 375 3022 c.
386 2966 425 3010 te.
438 2963 478 3009 ubi
488 2964 662 3012 subvectassent.
751 2963 793 3010 ubi
803 2962 832 3009 de
841 2963 1008 3011 Alexandrinis
1022 2963 1137 3010 navibus:
1157 2964 1219 3010 Cum
1229 2965 1268 3010 iu·

245 3025 542 3089 Valetudiue1Butl.solet
557 3028 654 3074 valituri.
752 3033 844 3074 trevere
864 3030 964 3086 Capram
982 3034 1006 3074 et
1019 3028 1216 3087 provocatoriam,
1235 3042 1267 3073 es
1364 3081 1369 3088 ,

239 3094 308 3138 Dum
325 3092 472 3152 persimplici
489 3091 566 3154 victu]
606 3091 634 3138 In
649 3091 719 3140 tanus
751 3106 796 3150 quo
817 3093 870 3138 Alta
884 3092 1011 3152 procelloso
1028 3092 1162 3150 speculatur
1181 3092 1269 3138 vertice

205 3156 287 3220 opibus
304 3165 422 3217 magnast
434 3171 485 3202 rara
499 3153 641 3202 abstinentia
658 3155 717 3202 laus.
753 3157 844 3213 Pallas,
864 3163 945 3202 cetera
960 3155 1010 3201 velo
1019 3156 1136 3216 jubentur
1149 3169 1197 3200 esse
1212 3169 1266 3200 con-

205 3222 260 3284 lpse
273 3218 303 3266 dc
317 3219 449 3282 seEp.84.
474 3217 535 3282 (83.)
554 3220 720 3266 Pauisdeimle
751 3225 827 3266 teuta.
859 3219 1088 3278 statuerimus,
1104 3219 1144 3264 23.
1178 3219 1267 3265 Prima

206 3285 280 3340 sicem
298 3288 320 3330 et
336 3285 386 3330 uae
408 3298 488 3330 memo
506 3284 644 3344 mundium,
665 3291 720 3343 pust
749 3285 863 3330 salutavit
886 3286 997 3344 Capreas,
1015 3289 1038 3328 et
1062 3283 1169 3342 margine
1183 3283 1267 3328 dextro

206 3349 266 3409 qued
280 3361 327 3394 uua
342 3353 396 3393 suat
411 3348 514 3394 lavanda
531 3362 620 3392 munus
654 3348 719 3394 Dor·
751 3349 845 3408 Sparsit
861 3349 989 3407 Tyrrhenae
999 3349 1134 3394 Mareotico
1144 3347 1200 3392 uina
1211 3347 1266 3391 Mt.

206 3415 254 3458 mio
268 3413 400 3458 minimum.
436 3412 632 3458 Coasreetudiuem
644 3426 718 3458 meam
750 3426 834 3457 uerae.
877 3410 994 3459 Isibabant
1010 3426 1065 3472 ergo
1081 3410 1211 3472 procellosa
1228 3408 1265 3456 illi

205 3477 283 3524 trosti.-
302 3475 435 3522 meumsimo
453 3490 532 3521 emano
551 3480 639 3520 uteret
653 3477 721 3534 quasi
752 3475 842 3522 Palladi
852 3484 937 3534 nauta,
952 3474 1054 3536 periculo
1069 3474 1139 3521 maris
1155 3473 1265 3522 defuncti.

204 3539 358 3598 iratervigilos
374 3537 415 3586 ubi
430 3553 458 3585 ex
474 3539 543 3585 veteri
559 3537 619 3584 libro
631 3537 717 3593 adsero,
752 3538 825 3585 er’s.

205 3611 228 3651 ct
249 3604 478 3664 quasiiuterjuago,
501 3604 530 3649 sb
546 3602 631 3663 aurigis
645 3611 719 3650 meta·
792 3605 827 3650 Et
844 3604 910 3650 sirius
928 3608 1023 3649 cmuetcs
1041 3604 1156 3663 sauguine
1176 3603 1265 3648 illustri

204 3667 283 3731 phora
309 3665 507 3728 Ep.109.(108.)
523 3669 584 3714 Inde
594 3668 719 3715 iuomoem
751 3683 840 3729 usurpes
858 3669 953 3714 Neroni
968 3665 1102 3731 sepulum]
1119 3665 1214 3713 Grotius
1223 3665 1277 3712 ds?

206 3734 280 3779 ollam
300 3735 420 3792 msgueato
441 3731 589 3786 abstinemus,
609 3733 718 3790 qumirrm
750 3731 812 3779 lebat
833 3747 931 3793 semper,
953 3730 1087 3792 quadrato
1107 3739 1201 3777 cometa
1220 3744 1264 3790 sp-

205 3795 647 3856 ‹ptimusodoriocorporeestuullus.
673 3797 718 3841 Iu·
748 3807 848 3858 perenm
869 3811 912 3843 nec
934 3793 978 3841 nisi
997 3794 1066 3840 semel
1080 3808 1135 3842 ante
1150 3807 1264 3856 appame-

206 3859 295 3908 deviem
305 3864 367 3904 curet
375 3859 520 3904 stomachus.-
533 3859 586 3904 iude
594 3859 718 3905 iuomoem
750 3868 786 3905 rat
801 3868 899 3906 cometes
915 3860 959 3906 sub
981 3857 1081 3905 Neronis
1100 3857 1206 3920 imperio.
1229 3857 1264 3919 (a.

205 3925 279 3973 uitam
295 3923 400 3969 balaeum
409 3921 536 3982 sugimus.-
555 3930 577 3968 et
587 3921 655 3984 plura
673 3922 717 3968 ibi·
750 3923 994 3980 natast-tear.)
1029 3922 1094 3984 Ergo
1104 3921 1198 3969 mallem
1213 3923 1265 3969 Ne-

203 3985 266 4036 dem.
278 3986 354 4033 Iure.
362 3985 416 4032 MS.
425 3984 487 4032 Flor.
492 3987 646 4047 persimplici.
655 3985 718 4048 quod
749 3989 803 4034 rinei
816 3986 900 4045 delere,
911 3995 952 4034 aut
967 4000 1010 4048 pro
1019 4001 1047 4033 eo
1057 3988 1154 4046 tyranni
1170 3984 1263 4046 legese3

204 4058 322 4116 receptum
337 4065 352 4096 a
368 4047 476 4096 Pichena.
509 4049 589 4112 Vulgo
605 4057 658 4096 ante
670 4064 717 4110 pro
749 4051 813 4113 quod
834 4051 924 4098 melius.
974 4049 1066 4097 Auctor
1085 4049 1145 4096 milri
1167 4047 1264 4096 Sueton.

205 4115 315 4176 simplici.
339 4112 400 4160 Mox
427 4111 481 4172 MS.
506 4113 568 4160 Buri.
597 4113 716 4172 tolerabat,
751 4114 808 4162 Ner.
819 4115 858 4161 36.
873 4113 914 4160 ubi
926 4113 956 4160 de
971 4112 1051 4160 eodem
1067 4121 1156 4160 comete
1167 4112 1262 4173 agitur:

203 4177 261 4225 forte
272 4179 388 4224 toleraret.
407 4177 479 4224 Eas.
509 4177 572 4224 Bud.
587 4178 645 4224 bene
661 4179 718 4224 tam
754 4180 788 4226 Ut
802 4194 831 4225 eu
850 4179 934 4224 Babilo
951 4178 1067 4237 astrologo
1084 4177 1264 4235 tumescere

204 4243 305 4301 sirnplici
320 4243 390 4288 uictra
424 4240 462 4289 Sic
476 4241 552 4288 Rhen.
587 4241 666 4288 Habet
683 4248 716 4288 ta·
751 4245 827 4302 Reges
837 4243 895 4288 talia
905 4247 992 4289 ostenta
1007 4241 1066 4287 cade
1080 4242 1161 4300 aliqua
1174 4241 1265 4288 illustri

203 4319 256 4351 men
268 4312 291 4350 et
303 4313 377 4362 noster
387 4320 407 4351 c.
420 4307 623 4366 supersuturam.
700 4347 704 4352 .
749 4308 933 4366 capturamque
948 4322 963 4350 a
976 4311 1045 4352 semet
1056 4307 1081 4351 iu
1093 4307 1169 4366 capita
1181 4319 1264 4367 procc-

238 4368 284 4424 Qui
296 4375 370 4414 erutos
380 4369 479 4431 adesset]
508 4370 563 4418 MS.
582 4371 650 4416 (loth.
665 4370 717 4414 ade·
751 4385 805 4415 rum
817 4371 926 4430 depellere
936 4377 977 4418 etc.
1000 4368 1082 4417 ,Errra
