3042 4950
230 290 264 333 ι.
278 294 306 333 0.
319 278 382 349 cc]
597 274 672 333 nic.
693 272 774 331 xvr.
795 273 888 333 cnr.
907 276 935 331 a.
1227 272 1287 329 asa

231 437 352 584 antiqui
366 434 460 499 moris
474 435 641 499 'retinentes
659 434 792 513 ltaliam,
806 435 935 522 quique,
957 456 1014 521 per
1033 416 1143 521 longas
1160 433 1285 521 provin·
1391 501 1393 503 ,

231 523 304 600 cisa,
326 519 446 585 asciviae
459 518 623 607 inexperti,
633 519 757 583 officiol
816 520 936 583 tionum
944 520 1133 607 autprivata
1142 520 1286 596 utilitate,

229 606 427 677 advenerant,
442 626 543 690 neque
556 604 736 690 adspectum
756 627 768 666 ι
792 627 845 668 um
860 604 1001 683 tolerare,
1015 628 1117 691 neque
1129 604 1228 673 labori
1241 604 1288 667 in·

231 690 360 753 honesto
374 688 532 762 sufficeru
555 711 627 752 cum
642 689 786 753 mnibus
800 689 908 753 nesciis
926 689 1111 767 fatiscerent,
1126 689 1289 752 turbarent

233 796 356 859 gnaros,
371 797 408 837 ac
422 796 463 839 sae
517 796 537 836 a
549 772 700 837 militibus
707 774 952 851 verberarentur,
987 773 1020 837 ui
1032 796 1089 859 per
1101 786 1291 841 cuneossta·
1363 826 1370 834 .

233 862 320 936 bant,
335 881 432 945 nequ
482 858 628 943 temporis
642 870 834 923 momentum
846 858 948 945 inpari
1040 881 1093 921 ore
1103 872 1159 921 aut
1170 857 1289 921 silentio

232 943 325 1031 segnix
343 943 523 1041 praeteriret.
579 942 736 1020 Constitit,
760 942 924 1039 plerosque
943 943 1117 1029 Equitum,
1134 942 1211 1006 dum
1233 964 1289 1027 per

232 1044 390 1115 angustias
405 1028 508 1091 aditus
530 1040 562 1091 et
582 1026 614 1091 in
653 1044 779 1091 uentem
797 1027 1029 1091 multitudinem
1048 1027 1219 1105 enituntur,
1234 1027 1290 1090 ob·

233 1114 332 1191 tritos,
354 1127 385 1177 et
405 1112 491 1190 ahos,
513 1111 591 1175 dum
633 1112 695 1174 iem
719 1125 904 1197 noctemque
928 1112 1075 1177 sedilibus
1095 1112 1288 1190 continuant,

232 1200 342 1262 morbo
359 1196 507 1261 exitiabili
525 1211 706 1282 conceptos:
730 1196 785 1280 qui
865 1197 989 1281 gravior
1009 1198 1109 1265 inerat
1128 1210 1241 1275 metus,
1264 1196 1290 1259 si

233 1282 407 1368 spectaculo
425 1280 605 1358 defuissent,
625 1278 732 1343 multis
753 1219 868 1365 palliis,
882 1293 914 1343 et
933 1280 1076 1365 pluribus
1091 1280 1230 1359 occultis,
1252 1292 1289 1344 ut

233 1366 357 1430 nomina
370 1389 407 1430 ac
428 1365 544 1443 vultus,
568 1364 768 1442 alacritatem,
783 1363 1001 1449 tristitiamque
1013 1366 1192 1429 coeuntium
1206 1388 1291 1431 scru-

231 1463 379 1515 tarentur.
423 1448 520 1513 Unde
547 1448 738 1514 tenuioribus
767 1449 871 1513 statim
892 1448 1034 1535 inrogata
1054 1448 1215 1535 supplicia,
1236 1450 1290 1513 ad-

226 1559 339 1599 -versus
366 1534 511 1599 inlustres
537 1533 764 1599 dissimulatum
791 1534 834 1597 nd
856 1555 992 1619 praesens
1024 1548 1056 1600 et
1084 1556 1160 1597 mcx
1188 1534 1290 1597 reddi-

233 1633 301 1684 tum
323 1619 441 1685 odium.
485 1619 748 1703 Ferebantque·“
760 1618 994 1704 Vespasianum,
1009 1630 1168 1703 tamquam
1183 1641 1291 1681 somno

230 1704 419 1783 conniveret,
439 1728 459 1767 a
477 1704 600 1768 Phoebo
618 1702 729 1766 liberto
749 1703 945 1790 increpitum,
963 1725 1109 1789 aegreque
1127 1702 1291 1766 meliorum

233 1790 377 1876 precibus
390 1789 567 1853 obtectum:
590 1810 665 1852 mox
684 1787 884 1852 inminentem
902 1788 1069 1873 perniciem
1088 1788 1205 1874 majore
1225 1788 1291 1851 fato

234 1874 298 1938 effu
323 1874 408 1937 'sse''

277 1962 304 2024 V
327 2007 335 2023 .
348 1960 426 2022 Post
440 1958 534 2022 tinem
546 1956 670 2035 ludicri,
685 1958 826 2044 Poppaea
838 1970 970 2024 mortem
983 1958 1072 2036 obiit,
1086 1958 1216 2022 fortuita
1226 1980 1290 2022 ma·

230 2044 286 2109 riti
306 2042 475 2126 iracundia,
498 2066 595 2130 aquo
616 2041 745 2129 gravida
766 2042 832 2109 ictu
850 2041 942 2107 calcis
962 2042 1086 2108 adflicta
1104 2056 1168 2109 est:
1190 2064 1292 2129 neque

234 2280 289 2328 Vid.
302 2279 450 2329 Drakenbl.
465 2297 484 2329 c.
500 2288 524 2337 et
542 2281 572 2328 ad
585 2279 629 2329 Sil.
642 2282 667 2339 6,
688 2284 745 2329 628.
774 2294 848 2343 porro
859 2277 1081 2339 venditaram‚'aisl
1095 2283 1136 2343 qul
1142 2286 1292 2344 mactantis·

235 2345 320 2407 Itaque
330 2346 411 2406 longae
421 2344 517 2393 restitui
543 2345 615 2392 Eun.
651 2344 747 2407 Agrico·
778 2346 853 2391 slmm
870 2346 896 2391 in
916 2360 943 2391 ea
961 2352 1013 2393 arte
1033 2353 1099 2405 emet,
1121 2353 1145 2393 et
1167 2349 1292 2408 aliqnando

234 2407 394 2457 latentiore·
408 2410 492 2471 probat
502 2408 571 2457 Aeid
591 2409 675 2471 recepit
690 2408 746 2455 Lal-
779 2406 874 2467 Pylhlir
885 2411 984 2457 viciam.
1016 2410 1098 2472 Atque
1109 2410 1183 2467 addit,
1195 2410 1292 2474 Apollo-

234 2472 290 2521 lem.
323 2471 386 2521 Bud.
402 2482 476 2521 servat
492 2472 617 2536 vulgatam,
652 2489 688 2521 uae
705 2475 747 2520 bo-
778 2471 845 2519 nium
855 2472 933 2547 ipsum
944 2483 967 2522 et
979 2475 1073 2522 comites
1086 2476 1143 2535 ejus,
1154 2490 1209 2522 cum
1225 2474 1293 2522 adlici

235 2551 293 2584 num
314 2551 406 2584 sensnm
431 2536 517 2595 hmdit,
539 2490 651 2600 quicquid
670 2545 749 2584 mona
778 2549 825 2582 non
846 2536 996 2596 aduentus,
1010 2546 1126 2585 accusatos
1151 2540 1181 2585 ab
1205 2553 1241 2596 eo,
1265 2548 1293 2585 nt

234 2600 296 2648 dicat
315 2599 427 2663 Ryelrlus.
461 2600 529 2649 Olim
543 2600 653 2660 Pidreoa,
675 2613 749 2662 nuper
778 2600 866 2647 alvena
881 2603 943 2648 veen
958 2607 1133 2662 contemtores,
1149 2601 1190 2648 sed
1205 2616 1292 2648 meroe-

235 2664 300 2712 Brot·
319 2672 342 2711 et
356 2663 408 2725 Bip.
426 2679 519 2727 quoque
536 2664 653 2712 rennuere.
686 2663 749 2710 Dein
778 2662 835 2710 duls
863 2673 941 2712 tamen
964 2664 1018 2711 dats
1041 2663 1160 2712 hominem
1182 2665 1291 2727 placasse.

236 2727 299 2776 Bud.
315 2727 385 2775 habet
403 2729 491 2788 langas.
524 2728 581 2790 Bip.
599 2727 748 2784 dederellon·
779 2725 854 2774 lues
897 2726 959 2774 Mox
966 2743 1010 2788 pro
1017 2729 1220 2775 redditamodlam
1232 2729 1293 2776 Gro-

232 2794 342 2852 ginqaas.
374 2790 509 2840 MoxBud.
519 2791 748 2852 mammeapent,
779 2789 860 2838 slotius
874 2791 911 2852 (in
927 2791 986 2853 Syll.
1002 2791 1086 2838 Bunn.
1105 2791 1154 2837 tl.
1177 2807 1200 2854 p.
1223 2793 1292 2854 353.)

237 2857 306 2904 male.
778 2854 881 2902 malebat
893 2856 997 2901 editam:
1014 2853 1039 2900 id
1055 2853 1143 2902 firmari
1157 2864 1234 2916 posset
1244 2872 1258 2904 e
1267 2859 1293 2912 4,

270 2920 351 2980 Officio
369 2921 543 3032 legationumq)
567 2919 633 2968 ehis
654 2920 749 2982 legatio-
780 2918 872 2968 35-sed
885 2918 917 2965 ibi
933 2917 979 2965 vid
1010 2917 1081 2965 Ean.
1115 2919 1146 2966 In
1161 2919 1225 2967 Bud.
1240 2921 1291 2967 nl.

235 2983 305 3031 nibus
315 2983 411 3030 urbium
422 2998 443 3030 v.
454 2984 471 3030 1.
483 2989 506 3032 4.
544 2983 685 3046 ‚delegat
779 2989 872 3030 meret
885 2983 994 3036 editamr
1013 2980 1067 3028 inde
1083 2983 1106 3028 2.
1122 2997 1155 3031 m.
1170 2981 1225 3031 fecit
1240 2986 1293 3031 red-

181 3085 183 3096 ,
271 3047 469 3108 Qampegraolor
482 3050 558 3094 inerat
573 3046 657 3108 maetas]
674 3047 750 3094 0111-
780 3048 865 3094 ditum.

236 3109 288 3167 dos,
302 3125 317 3156 o
327 3109 431 3173 ineptias,
443 3111 483 3158 sed
499 3117 603 3159 cruentas
619 3120 642 3159 et
657 3109 749 3158 tristesl
814 3112 979 3172 Vespasium
999 3127 1014 3158 a
1034 3109 1128 3176 Phala]
1150 3111 1204 3160 Hoc
1223 3114 1295 3174 igitur

237 3175 380 3222 Nam'mors
390 3184 517 3222 oomesaut
531 3174 682 3234 exsilium‚si
715 3173 751 3220 nis
779 3173 908 3236 perieulum
930 3174 1015 3222 Roma
1036 3175 1100 3229 adiit,
1117 3184 1145 3222 nt
1165 3175 1204 3224 hie
1225 3176 1294 3225 Tani-

236 3235 337 3298 segniter
353 3236 477 3285 audivisset
495 3237 579 3285 scilicet
588 3237 661 3286 »hune
673 3189 751 3284 *Plo-
781 3246 834 3295 tus3
850 3237 891 3284 sed
901 3237 976 3285 simile
990 3238 1016 3284 in
1026 3239 1125 3297 Achaia,
1137 3239 1224 3302 dequo
1236 3243 1294 3290 Sne·

236 3302 302 3360 bum.
335 3299 487 3349 Philostratus
504 3301 559 3350 scite
574 3311 652 3348 naman
667 3305 693 3359 4,
710 3306 751 3350 39.
780 3301 857 3348 tonius
873 3301 970 3364 Vespas-
986 3305 1011 3349 4.
1045 3305 1242 3364 Peregrinatione
1258 3305 1296 3352 A.

237 3366 388 3426 Apolloniam
397 3367 484 3412 nanim
494 3366 597 3413 Romam
605 3371 628 3412 el
638 3366 665 3412 ln
674 3366 753 3426 hospi·
781 3365 861 3411 chelea
875 3367 1040 3414 mereamim
1054 3368 1166 3420 Neronis.
1177 3383 1231 3415 eam
1241 3384 1296 3416 eass-

237 3431 299 3476 tinm
310 3425 424 3489 quoddam
431 3437 477 3489 per
491 3431 540 3477 ltaec
553 3436 657 3490 tempora
672 3430 751 3475 dloer-
780 3435 845 3476 tante
854 3441 880 3476 eo
890 3435 932 3476 aat
946 3431 1078 3490 abcederet,
1090 3436 1243 3492 aatproerem
1258 3435 1299 3479 oll-

236 3495 299 3540 tlaae.
333 3494 383 3538 'Ibi
401 3499 479 3540 naum
493 3494 610 3539 hominem
629 3493 750 3554 quendam,
782 3493 939 3551 annumeret,
950 3495 1121 3554 gravhnmam
1133 3498 1297 3559 contranitqs.

236 3557 327 3603 anenno
348 3557 436 3612 halitu,
458 3557 573 3604 citharam
594 3563 707 3604 tenentem
728 3564 751 3604 et
775 3556 888 3617 feneam,-
900 3557 1134 3620 prohllhmquenon
1149 3561 1298 3608 contulemio

233 3622 375 3682 pulsantem,
392 3626 524 3668 cantantem
542 3623 621 3680 etiarm
641 3621 681 3666 aed
696 3621 751 3669 radi
781 3621 857 3677 modo,
878 3622 1008 3668 sedetiam
1032 3623 1127 3683 psllllea
1147 3624 1294 3672 salutatione.

238 3691 261 3731 et
271 3685 354 3730 alaone
366 3697 427 3740 voce,
443 3687 607 3746 supervenisse,
622 3685 753 3745 quiscilias
782 3683 867 3745 Itaque
877 3683 960 3747 sepius
975 3685 1000 3731 in
1017 3686 1060 3732 ista
1075 3700 1100 3732 re
1115 3686 1258 3736 mbmsticm
1273 3699 1298 3736 et

237 3753 295 3794 erret
314 3749 393 3794 arbem
409 3749 445 3794 lta
455 3749 619 3808 perambulare
634 3755 656 3794 et
672 3748 752 3794 Nero·
777 3761 834 3795 rere
844 3747 944 3795 Sabinus
954 3747 989 3795 vir
998 3749 1106 3810 peomvit.
1146 3747 1217 3807 Quod
1229 3767 1298 3814 pono

238 3814 276 3858 nir
307 3813 413 3858 earmina
442 3813 580 3859 cantillam.-
607 3826 658 3872 qnae
678 3812 752 3871 siquis
781 3809 812 3857 ad
832 3811 957 3869 Plenum,
978 3810 1111 3859 ishbertns
1131 3811 1297 3862 admissionum

237 3882 280 3922 aat
297 3876 456 3936 negligentias
473 3877 582 3929 aadlsret,
603 3881 645 3922 ant
666 3889 752 3922 merce-
772 3873 834 3934 =fnit,
845 3889 875 3921 ex
886 3874 950 3922 Suet.
960 3874 1058 3938 vespas.
1073 3879 1110 3923 14.
1136 3875 1175 3923 De
1182 3891 1210 3924 eo
1220 3878 1296 3940 lapis:

238 3941 291 3986 dem
313 3940 453 3999 condumam
476 3954 524 3988 non
551 3941 653 3994 meunt,
678 3939 706 3984 al
727 3952 752 3986 eo
782 3942 1295 3991 rrsscnsvmonvamrnouao.cciv.
1372 3947 1381 3961 “

239 4009 358 4063 tamqnam
373 4004 501 4064 impletam
518 4017 572 4050 ran
589 4004 699 4049 aanoldis
708 4016 752 4062 pe-
781 4013 1056 4050 n1a0eans1rrca1a
1089 4003 1166 4050 lars.

239 4068 330 4114 telatar
364 4072 387 4113 et
418 4067 443 4112 ln
476 4076 590 4114 carcerem
620 4067 752 4113 ducebatur.
814 4067 910 4126 Majare
919 4067 976 4128 sato
995 4069 1116 4130 effugisse]
1139 4067 1240 4118 Videtur
1260 4087 1297 4123 ra,

241 4131 356 4201 Qdam
380 4135 504 4189 praterea,
531 4146 576 4178 aaa
598 4131 708 4177 danum
730 4135 754 4176 et
782 4143 884 4191 spemse
901 4129 1017 4192 ndpoetis
1028 4132 1114 4192 J'aetata
1126 4131 1185 4193 fata
1200 4149 1297 4196 magna,

232 4195 416 4256 fractamque
435 4195 461 4240 ln
484 4197 534 4256 lpse
556 4195 697 4240 Neroniana
720 4195 753 4239 cl·
783 4191 894 4254 majora.-
916 4191 946 4239 de
970 4195 1056 4257 quibus
1081 4195 1173 4258 copiose
1199 4196 1300 4248 Bentlei.

239 4259 309 4304 tlara
318 4257 417 4319 soleret,
433 4259 602 4306 atemmeliam
618 4259 712 4318 aliquod
727 4257 754 4302 in
783 4256 814 4304 ad
830 4256 913 4304 Horat
930 4255 1012 4318 Epi,
1029 4259 1052 4317 l,
1065 4264 1089 4306 6.
1123 4258 1222 4308 Senonas
1243 4263 1309 4325 quin-

240 4322 321 4367 arcala
343 4321 459 4382 fetebat,-
487 4329 555 4382 atque
580 4336 631 4368 eam
652 4327 754 4382 emptam
783 4320 909 4380 majoribus
932 4323 1001 4371 rebus
1025 4322 1154 4371 damatus
1179 4335 1235 4382 eret,
1257 4341 1299 4375 nec

240 4385 468 4434 allidaalasmlnls
476 4387 581 4447 ferebam:
595 4387 754 4444 necunquam
784 4391 861 4445 posset
871 4384 950 4434 adeon
961 4387 1054 4436 Nerone
1063 4400 1153 4450 pennu
1185 4389 1255 4438 Eun.
