3042 4950
226 248 261 292 s.
274 250 302 294 c.
319 235 386 313 66.]
498 278 505 299 ,
577 234 658 293 LIB.
680 234 744 295 XV.
765 233 916 299 CAP.‘59.
1231 225 1300 297 31⁴³.

230 395 379 482 Tigellini
402 418 498 459 soevas
519 398 796 481 percunctationes,
819 396 937 461 Fortius
954 417 1081 483 quoque
1100 395 1208 461 Rufus
1222 391 1285 456 vio·-

124 542 130 555 ,
229 479 328 545 lenter
338 494 471 566 urgeret,
481 480 620 544 nondum
632 482 673 546 ab
682 481 836 567 indicibus
844 480 1029 559 nominatus,
1041 480 1106 558 sed,
1117 477 1286 579 quotidem

130 558 137 571 ⁸
230 564 358 631 inscitiae
372 578 505 661 pararet,
525 578 615 629 atrox
630 566 778 631 adversus
792 566 896 630 socios.
942 566 1032 629 Idem
1048 566 1162 630 Subno
1177 561 1287 627 Flavio

229 650 389 713 adsistentr
408 648 628 737 adnuentique,
651 674 690 715 an
712 652 911 737 interipsum
930 650 1136 736 cognitionem
1157 648 1288 712 destrin-

228 746 315 820 geret
332 732 484 820 gladium,
499 736 678 821 coedemque
698 749 845 823 patraret,
864 735 978 814 renuit,
997 734 1185 820 infregitque
1199 734 1288 817 iope·

231 832 298 883 tum
317 820 379 883 'am
393 840 522 884 manum
535 820 575 883 ad
589 820 736 907 capulum
750 820 921 884 referentis.

273 843 373 969 le.
388 906 502 984 Fuere,
514 905 580 991 qui,
595 904 720 990 prodita
733 905 956 991 conjuratione,
970 904 1048 968 dum
1063 900 1192 967 auditur
1201 899 1289 964 Mili·-

231 988 320 1067 chus,
335 989 412 1053 dum
430 989 555 1053 dubitat
570 990 729 1068 Scevinus,
744 990 944 1055 hortarentur
958 988 1114 1067 Pisonem,
1130 994 1289 1072 “pergere

230 1073 263 1137 in
278 1088 388 1152 castra,
412 1088 468 1139 aut
486 1088 586 1137 rostra
602 1075 774 1153 escendere,
800 1075 966 1159 studiaque
985 1073 1118 1137 militum
1134 1086 1166 1136 et
1179 1067 1289 1157 populi

233 1172 373 1223 tentare:
400 1159 426 1220 si
448 1159 610 1221 conatibus
632 1160 702 1244 ejus
722 1159 835 1221 conscii
856 1159 1111 1244 adgregarentur,
1133 1165 1292 1220 secuturos

232 1244 325 1307 etiam
339 1242 494 1327 integros:
516 1260 549 1305 m
612 1264 724 1329 amque
735 1255 829 1307 motae
839 1244 884 1305 rei
895 1244 1022 1320 famam,
1033 1264 1106 1327 quae
1119 1239 1290 1327 plurimum

128 1322 137 1340 ’
231 1328 264 1391 in
279 1326 368 1390 novis
387 1325 519 1389 consiliis
533 1350 552 1389 v
583 1339 656 1391 eret.
701 1327 789 1421 Nihil
810 1328 974 1391 adversum
995 1326 1055 1389 hoc
1076 1325 1198 1389 Neroni
1216 1334 1291 1421 pro·-

232 1411 354 1475 visum:
372 1410 465 1474 etiam
479 1410 575 1476 fortes
589 1412 671 1477 viros
685 1412 794 1477 subitis
808 1412 935 1487 terreri3
952 1411 1068 1475 nedum
1081 1408 1134 1472 ille
1144 1427 1292 1484 scemcus,

233 1496 392 1581 Tigellino
405 1494 518 1559 scilicet
535 1518 607 1560 cum
625 1496 788 1583 pellicibus
806 1497 870 1561 suis
888 1496 1064 1573 comitante,
1086 1517 1173 1558 arma
1185 1503 1293 1556 eontra

232 1580 335 1649 cieret.
379 1581 486 1645 Multa
500 1582 687 1666 experiendo
700 1581 835 1660 confieri,
847 1604 925 1667 quae¹
934 1581 1079 1666 segnibus
1093 1579 1192 1646 ardua
1205 1576 1293 1639 videa

233 1679 336 1729 antur.
380 1667 512 1729 Frustra
533 1665 687 1729 silentium
706 1680 737 1729 et
755 1667 850 1731 fidem
864 1666 897 1729 in
911 1678 959 1729 tot
977 1664 1169 1728 consciorum
1183 1660 1294 1725 animis

233 1762 265 1812 et
282 1749 463 1835 corporibus
484 1752 610 1835 sperari.
656 1751 807 1815 cruciatu
827 1760 890 1814 aut¹
903 1749 1032 1836 praemio
1053 1762 1166 1812 cuncta
1185 1745 1293 1832 pervia

234 1856 307 1898 esse.
355 1833 522 1912 Venturos,
546 1836 602 1921 qui
620 1836 723 1921 ipsum
745 1858 872 1921 quoque
891 1835 1050 1912 vincirent,
1072 1848 1228 1918 postremo
1248 1830 1295 1891 in-

234 1918 331 2004 digua
343 1941 417 1983 nece
430 1920 606 1985 adficerent.
653 1922 779 1998 Quanto
800 1918 988 1983 laudabilius
1033 1918 1196 1993 eriturum,
1218 1913 1295 1978 dum

235 2026 286 2067 am
308 2002 432 2067 lectitur
460 2004 710 2092 Rempublicam,
740 2006 818 2067 dum
847 2004 964 2068 auxilia
990 2003 1013 2066 li
1053 2002 1126 2065 rtati
1160 2001 1295 2064 invocat.
1314 2043 1316 2050 ·

237 2026 332 2152 Miles
342 2088 446 2173 potius
457 2088 589 2167 deesset,
601 2102 633 2153 et
646 2089 752 2175 plebes
762 2089 934 2162 desereret;
950 2088 1027 2151 dum
1037 2087 1104 2173 ipse
1113 2084 1296 2172 majoribus

237 2172 314 2237 dum
329 2174 469 2257 posteris,
485 2173 510 2236 si
523 2175 589 2237 vita
602 2174 830 2260 praeriperetur,
845 2185 976 2237 mortem
990 2172 1176 2258 adprobaret
1187 2171 1221 2231 ?'’
1246 2168 1298 2231 In-

236 2270 340 2321 motus
353 2256 413 2335 his,
435 2272 467 2321 et
480 2258 655 2343 paullulum
669 2258 701 2321 in
717 2259 843 2344 publico
856 2273 1005 2335 versatus,
1020 2270 1091 2343 post
1104 2253 1188 2324 domi
1203 2253 1300 2347 secre-

237 2353 299 2421 ωε,
314 2342 454 2406 animum
467 2342 632 2407 adversum
647 2365 792 2429 suprema
804 2344 961 2421 firmabat,
979 2342 1077 2405 donec
1091 2361 1202 2403 manus
1215 2335 1296 2403 mib-

268 2507 312 2554 Sed
322 2508 456 2572 quofideos]
482 2509 551 2558 Acid.
567 2517 591 2556 et
607 2509 752 2558 Freinshem.
784 2510 918 2571 corporibus
929 2509 1049 2572 respicitur
1063 2507 1094 2555 ad
1107 2511 1229 2563 tormenta,
1246 2517 1299 2565 quae

237 2571 334 2618 mellent
344 2579 367 2618 ct
376 2591 398 2634 q.
401 2573 426 2634 s.
440 2573 501 2620 Mox
512 2573 574 2622 Bud.
586 2575 718 2633 rtrtngrret.
784 2587 859 2636 pauca
874 2588 968 2636 corpora
982 2571 1081 2636 perferre
1096 2585 1123 2618 ac
1139 2570 1228 2617 vincere
1245 2581 1299 2630 posu

271 2636 391 2692 nonnus,
410 2635 565 2699 infregltqac]
587 2637 690 2684 Faernus
709 2636 754 2683 du*-
785 2645 847 2683 sunt.
880 2636 937 2683 Post
955 2638 1062 2683 cruciatu
1083 2649 1125 2698 pro
1142 2633 1220 2680 dativo
1241 2629 1300 2692 acci·

241 2698 299 2745 dum
321 2703 400 2747 renuit
421 2699 530 2762 legebrtr
553 2702 754 2762 probaturquea
784 2699 906 2762 piendum.
937 2701 1019 2762 Atque
1034 2696 1301 2760 etiamadpncracla-

238 2762 379 2826 quibusdam
394 2762 467 2823 libris,
485 2773 508 2811 et
521 2775 608 2811 rectum
625 2769 666 2810 est.
700 2762 755 2809 An·
773 2765 831 2822 tul,
843 2763 1033 2824 sicutcod.Reg.
1065 2763 1137 2824 Erga
1167 2759 1230 2807 Bud.
1247 2773 1301 2805 cors-

184 2853 187 2862 ·
239 2826 435 2884 nuerstFlsrius,
446 2827 580 2875 isterenuit.
606 2827 682 2874 lnrs.
706 2827 755 2874 rte-
788 2827 1061 2874 rciomm...eruclctu.

240 2892 293 2937 nait
310 2889 383 2938 MSS.
400 2889 462 2936 Flor.
481 2899 504 2938 et
520 2891 568 2950 alii,
585 2890 621 2938 ed.
638 2905 673 2952 pr.
708 2889 756 2952 (At
820 2891 896 2938 Mller
906 2893 986 2953 potiar
996 2891 1078 2937 dcem
1116 2887 1199 2936 Deleri
1209 2887 1265 2934 dum
1278 2892 1302 2932 et

240 2953 303 3000 Bud.
315 2955 422 3007 retinuit,
430 2954 530 3016 infregit
540 2955 598 3014 imp.
622 2953 757 3002 Sedrcrralt
787 2953 1054 3019 peneumfwtn'
1095 2949 1302 3012 ‘usvolebagquia

240 3018 323 3078 probat
342 3016 412 3064 etiam
432 3017 533 3065 Priamus
551 3017 581 3064 ad
601 3017 674 3081 Apul.
694 3017 755 3064 Met.
787 3031 836 3064 non
856 3017 926 3064 modo
946 3019 979 3066 sic
1000 3017 1056 3066 tls.
1080 3017 1144 3064 Flor-
1169 3015 1210 3062 sed
1231 3013 1302 3062 etiam

241 3083 264 3126 6.
287 3095 311 3142 p.
335 3080 391 3128 300.
424 3079 526 3129 Pichena
546 3089 622 3143 putat,
644 3081 756 3143 scriptam
789 3079 876 3142 (Bud.)
907 3081 985 3129 Guelf.
1000 3080 1083 3145 inquo
1092 3080 1154 3127 male
1164 3091 1302 3126 manussec.
1372 3127 1377 3139 ¹

240 3142 312 3190 fuisse
322 3145 417 3192 rennuit
432 3143 532 3207 indeque
547 3153 624 3192 ortum
636 3142 755 3208 eminuit.)
787 3159 858 3207 supra
869 3144 989 3206 adscripsit
1003 3145 1067 3192 dum.
1098 3145 1180 3206 Atque
1189 3142 1222 3188 ita
1233 3140 1303 3204 plane

241 3206 326 3255 Paullo
341 3215 395 3255 ante
411 3207 517 3269 Rycldus
530 3223 542 3256 a
555 3208 610 3282 MS:
620 3207 682 3282 Agr.
692 3207 757 3255 dedit
788 3222 868 3256 senam
884 3208 1003 3256 desiderat.
1037 3208 1125 3256 Melius
1140 3221 1188 3254 csse
1202 3204 1302 3278 deseria

241 3273 358 3329 innuenti,
380 3280 408 3326 ut
428 3271 545 3334 placuerat
564 3271 680 3318 Audebo.
720 3271 757 3318 At
787 3271 863 3318 milite
881 3281 904 3320 ct
921 3272 997 3334 plebe,
1017 3280 1040 3319 et
1058 3271 1127 3334 Reip.
1146 3283 1226 3318 caum
1243 3282 1303 3314 mon

151 3382 155 3386 .
242 3334 311 3382 etiam
327 3349 429 3382 annuere
444 3349 487 3397 pro
503 3337 599 3382 innuere
617 3334 710 3393 dicitur,
730 3342 757 3381 ut
788 3347 842 3382 mm
904 3335 910 3348 '
965 3336 1026 3382 Mox
1039 3338 1149 3382 immotus
1165 3335 1204 3380 lslr
1219 3348 1232 3380 e
1246 3331 1314 3379 MS,

242 3413 280 3459 ap.
292 3397 364 3446 Cicer.
375 3414 418 3462 pro
429 3398 511 3453 Quint.
525 3413 546 3446 c.
557 3401 581 3445 ὅ.
608 3399 757 3458 tumulatque
788 3399 829 3446 (iu
861 3399 926 3447 0ed.
974 3398 1052 3446 .dedi
1070 3412 1113 3460 pro
1131 3401 1169 3444 se.
1203 3395 1250 3444 Ills
1268 3401 1303 3443 est

242 3463 287 3508 ribi
306 3462 345 3508 Iste
366 3465 492 3523 annueret,
517 3464 710 3510 Numeratcrum
734 3477 758 3508 rc
789 3461 927 3511 Corneliam
966 3461 1048 3510 rmula,
1081 3462 1152 3509 Etru.
1185 3457 1249 3508 Bud.
1265 3461 1303 3505 tre-¹

244 3525 340 3584 dicebat,
362 3534 390 3573 ut
411 3541 491 3574 omnes
510 3526 604 3589 scripti;
626 3525 665 3573 sed
684 3531 707 3574 et
725 3525 758 3572 ibi
788 3533 865 3573 morsu
878 3527 922 3572 bie.
955 3526 994 3574 Sic
1004 3527 1061 3573 solet
1074 3524 1117 3572 iste
1129 3524 1208 3572 codex.
1241 3523 1304 3570 Mox
1337 3527 1338 3531 ’

242 3598 320 3635 contra
327 3588 398 3636 libros
409 3590 540 3637 Lambinus
548 3589 619 3637 edidit
627 3591 757 3636 lrmubsetr
788 3589 859 3637 hebet
869 3591 922 3651 qula
932 3589 1009 3646 Nero,
1025 3597 1082 3653 puto
1094 3591 1147 3652 quit
1160 3602 1203 3651 pro
1214 3588 1304 3649 quibas.

243 3653 759 3714 mule,utjudicauth1terusetPassera-
790 3652 905 3702 Sedbene
915 3653 980 3715 vulg.

247 3716 301 3763 tius.
334 3716 518 3778 Reperittamen
532 3715 761 3765 Broteriusinnuen-
823 3717 940 3764 Animum
953 3718 1079 3779 flnncbct]
1108 3717 1146 3762 Sic
1167 3723 1227 3762 recte
1247 3713 1304 3762 MS.

244 3781 308 3839 tique
329 3787 352 3826 et
372 3779 397 3826 in
418 3780 492 3829 tribus
510 3780 561 3828 aliis
580 3781 653 3830 Mss.
688 3780 759 3828 Eun.
792 3780 855 3829 Flor-
877 3779 928 3827 edd.
951 3788 1006 3828 vett.
1028 3789 1081 3827 ante
1103 3779 1179 3826 Rhen.
1207 3777 1259 3841 (qui
1281 3779 1306 3838 [e

246 3841 310 3890 Bud.
321 3845 441 3890 mouenti.
793 3843 856 3891 Bud.
885 3842 948 3891 dedit
957 3846 1051 3904 firmat,
1068 3843 1132 3906 quod
1147 3851 1181 3890 est
1196 3842 1265 3890 etiam
1279 3842 1305 3888 in

278 3908 368 3954 Rostra
403 3909 532 3970 escendere]
576 3907 646 3956 Inbri-
677 3905 762 3970 scripti.
794 3908 834 3955 Gn
865 3907 919 3954 .ct'.
937 3923 958 3954 c.
973 3908 1011 3952 51.
1031 3905 1100 3967 extr.)
1120 3906 1223 3969 sequitur
1243 3905 1307 3952 enim

248 3969 323 4018 Ides.
351 3970 432 4033 vulgo
443 3973 661 4020 antecorucendcre.
690 3973 763 4018 ΕΠ.
792 3973 920 4030 adveniret,
945 3985 987 4032 pro
1028 3987 1058 4018 uo
1080 3971 1163 4017 rectius
1184 3977 1243 4016 esset
1264 3971 1306 4016 od.

247 4033 286 4081 Sic
297 4034 360 4081 Bud.
795 4035 865 4083 aare
890 4035 1002 4083 Restituit
1035 4035 1040 4046 '
1071 4049 1121 4082 ena.
1154 4033 1240 4081 Contra
1249 4035 1308 4081 bene

279 4099 484 4163 Maltecoufiert]
507 4098 545 4146 Sic
555 4098 711 4146 beneeb'lor.
728 4101 764 4162 (et
794 4111 852 4147 mox
873 4099 949 4147 uben.
973 4097 1014 4162 (ex
1032 4097 1135 4162 ingenio)
1156 4096 1228 4144 edidit
1249 4106 1308 4144 tanr-

248 4160 284 4206 αἱ.
302 4160 376 4223 Vsu)
394 4162 495 4210 Picbuta
510 4165 630 4225 prosterl,
649 4163 712 4225 quod
731 4171 765 4210 cst
796 4177 874 4225 pum,
891 4163 952 4210 Edd.
970 4179 996 4209 su
1045 4177 1095 4210 ores
1112 4175 1192 4208 omnes
1210 4170 1234 4207 et
1253 4161 1308 4210 MS.

250 4225 275 4270 in
296 4225 404 4273 ornnibus
428 4225 485 4273 aliis.
521 4227 583 4274 Mox
607 4226 663 4273 MS.
684 4227 764 4275 Guetf.
797 4225 995 4289 cumanus
1019 4240 1166 4289 quamquam.
1199 4225 1270 4273 Ean.

249 4291 414 4345 comoedorum,
427 4289 495 4338 male·
520 4289 670 4347 anll4>330
692 4288 767 4340 Vflrbo
964 4315 968 4320 ’
1010 4325 1014 4330 ’
1173 4311 1177 4318 “
