3042 4950
232 184 404 271 „aetat
511 219 514 227 ι
610 184 951 255 maxumae.
1058 160 1062 166 “
1138 198 1141 207 ‘
1275 139 1343 246 er

230 344 357 423 iectus,
372 345 490 411 hortari
504 344 712 411 Mithridaten
725 344 767 409 ad
789 344 989 409 sanciendum
1002 344 1117 422 foedus,
1140 352 1161 384 “
1176 338 1307 432 conjun-

233 429 377 509 ctionem
390 432 532 505 fratrum,
543 452 579 492 ac
590 427 724 514 priorem
738 441 830 493 aetate
841 430 1082 508 Pharasmanen,
1097 446 1128 494 et
1138 446 1240 508 cetera
1253 452 1306 492 ne-

244 514 465 586 cessitudinum
477 513 619 591 nomina'
630 513 776 591 referens,
788 521 810 551 “
821 513 917 577 filiam
927 514 995 601 ejus
1004 513 1036 575 in
1047 514 1243 578 matrimonio
1252 514 1307 577 ha-

232 596 346 677 ¹beret3
362 598 448 683 quod
459 598 524 685 ipse
535 598 743 664 Rhadamisto
753 621 839 663 socer
848 611 935 662 esset.
965 597 1303 685 Non-abnuerepacem

231 680 361 760 iberos,
381 705 571 768 quamquam
592 683 623 746 in
645 694 784 771 tempore
802 682 984 756 validiores;
1009 695 1040 745 et
1059 681 1132 745 sads
1150 683 1306 768 cognitam

188 796 191 804 r
244 766 463 843 Armeniorum
484 767 662 853 perfidiam:
688 789 744 832 nec
757 767 844 832 aliud
865 767 1006 846 subsidii,
1020 788 1116 852 quam
1132 765 1305 841 castellum,

242 865 416 915 commeatu
431 873 579 938 egenum:
602 875 642 916 ne
652 852 811 916 dubitaret
821 852 1103 925 armisincruentas
1117 850 1307 915 conditiones

242 933 371 998 malle:”
393 948 558 1001 cunctante
582 936 624 1001 ad
650 960 687 1001 ea
713 935 910 1013 Mithridate,
933 950 965 1001 et
989 936 1138 1022 suspectis
1161 936 1306 1000 Praefecti

242 1017 385 1098 consiliis,
409 1021 496 1106 quod
560 1020 661 1087 llicem
683 1020 801 1106 regiam
824 1020 987 1105 polluerat,
1008 1013 1104 1106 inque
1124 1043 1248 1085 omnem
1268 1020 1306 1084 li·

241 1102 379 1168 bidinem
395 1105 511 1168 venalis
521 1044 706 1170 hibebatur.
751 1104 919 1189 Casperius
931 1105 1054 1168 interim
1068 1106 1109 1169 ad
1121 1106 1306 1169 Pharasma-

229 1210 304 1251 -nen
328 1188 480 1273 pervadit,
505 1195 526 1226 “
548 1204 647 1274 utque
670 1187 755 1251 Iberi
775 1187 895 1252 obsidio
915 1187 1096 1265 decedant,'’
1118 1190 1305 1273 expostulat.

244 1271 303 1335 Ille
322 1272 482 1369 propalam
496 1272 623 1350 incerta,
639 1285 671 1335 et
685 1272 799 1357 saepius
812 1271 952 1339 molliora
970 1271 1170 1358 respondens,
1185 1274 1307 1342 secretis

241 1356 359 1420 nuntiis
372 1370 478 1420 monet
492 1355 745 1436 Rhadamistum,
761 1357 1059 1443 “oppugnationem
1072 1379 1201 1443 quoquo
1213 1356 1307 1430 modo

228 1441 404 1505 .celernre.”
445 1443 595 1527 Augetur
611 1440 722 1526 flagitii
744 1464 871 1519 merces,
892 1455 923 1505 et
943 1440 1046 1506 Pollio
1059 1441 1183 1505 vocculta
1201 1464 1308 1506 corru-

228 1526 348 1611 ptione
361 1525 482 1611 inpellit
495 1524 618 1601 milites,
634 1537 670 1589 ut
685 1534 706 1565 ‘⁶
722 1549 830 1612 pacem
836 1527 855 1554 ''
875 1525 1060 1611 flagitarent,
1084 1532 1215 1611 “seque
1251 1550 1308 1591 rae·

166 1643 168 1647 ·
229 1610 322 1673 'sidio
347 1609 512 1674 abituros''
536 1610 764 1675 minitarentur.
839 1634 880 1674 ua
903 1610 1081 1674 necessitate
1104 1610 1219 1675 Mithri
1242 1625 1307 1675 ates
1338 1624 1344 1630 ’

241 1694 323 1757 diem
338 1694 503 1779 locumque
516 1694 627 1759 foederi
642 1691 715 1758 acce
735 1694 771 1773 it,
786 1694 975 1780 castelloque·
986 1686 1154 1780 egreditur.

228 1808 231 1865 j
285 1778 430 1842 XLVII.
459 1778 624 1875 Ac'primo
638 1778 691 1842 Rh
734 1779 863 1843 emistus
876 1780 908 1843 in
922 1778 1085 1866 amplexus
1098 1781 1166 1863 ejus
1179 1782 1308 1859 effusus,

243 1862 388 1926 simulare
407 1862 602 1949 obsequium,
626 1870 647 1901 “
663 1864 829 1927 socerum”
850 1887 887 1928 ac
907 1871 928 1903 “
942 1864 1125 1950 parentem*
1143 1863 1306 1951 adpellare.

242 1947 364 2033 Adjicit
381 1947 615 2043 jusjurandum,
641 1954 741 2011 “non
763 1950 857 2026 ferro,
880 1971 943 2013 non
961 1971 1080 2011 veneno
1099 1948 1162 2014 vim
1177 1948 1308 2015 adlatu-

242 2033 350 2097 rum:”
372 2031 463 2095 srmul
484 2032 517 2094 in
537 2030 642 2095 lucum
664 2032 876 2119 propinquum
899 2032 1004 2111 trahit,
1027 2040 1048 2070 ‘⁶
1065 2032 1225 2118 prouisum
1245 2034 1308 2097 illic
1349 2043 1353 2051 '

242 2203 484 2265 Quiaeilentomnee,
496 2204 621 2269 compellor
628 2205 760 2254 credereris
790 2204 834 2256 hoc
849 2206 934 2270 recepit
943 2206 1057 2270 Ryrkius,
1069 2205 1227 2255 etBroterius.
1259 2206 1306 2253 Ed.

241 2260 266 2315 in
277 2269 350 2318 MSS.
361 2284 399 2316 eos
409 2269 526 2332 reperisse.
545 2269 643 2333 Alioqui
654 2271 673 2317 si
684 2277 759 2317 eusto-
790 2286 825 2333 pr.
836 2272 1018 2330 deterruerat
1027 2271 1076 2318 cod
1086 2270 1147 2333 Reg-
1163 2270 1308 2319 ffiononum

229 2334 287 2384 ,dte
307 2333 331 2379 in
353 2332 400 2380 illis
421 2347 521 2396 quoque,
543 2341 570 2381 ut
591 2342 644 2381 ante
663 2333 760 2381 Rhenu-
791 2348 872 2382 rerum
882 2334 1041 2397 vidisseputo.
1057 2334 1131 2381 Ean.

241 2409 300 2443 num
310 2396 373 2455 editi,
391 2396 552 2445 blandiebatur
562 2397 637 2460 magis
647 2399 759 2445 ennodio.
785 2449 787 2452 ,
827 2398 1055 2455 cumanensem
1071 2399 1222 2462 casuum]
1246 2398 1308 2461 Ego,
1331 2389 1338 2403 ⁸

211 2483 213 2487 ·
242 2459 334 2508 Giton.
367 2459 415 2520 Ed.
433 2460 592 2524 pasturae.-
617 2460 680 2524 quod
695 2460 761 2510 Rhe·
793 2463 1064 2510 transemundum.
1097 2461 1308 2510 AtGroslotiussi

228 2537 316 2576 ,nanus
336 2523 436 2572 restituit
452 2523 477 2587 (a
493 2523 578 2585 uua).
611 2525 650 2574 Sic
664 2533 688 2573 et
703 2525 758 2574 MS.
792 2541 863 2588 quam
873 2525 975 2574 delemm
985 2526 1011 2572 it
1028 2526 1103 2574 Iure.

242 2587 321 2636 Guelt'.
347 2589 419 2636 Ean.
827 2590 947 2653 celerare]
959 2588 1077 2638 SicMSS.
1086 2589 1149 2638 Flos.
1157 2588 1309 2652 margus.

227 2701 230 2707 ,
273 2654 309 2704 Et
319 2655 377 2700 sutis
386 2653 530 2713 cognitum-
534 2653 675 2716 perfidiam]
703 2653 759 2700 MS.
793 2652 873 2700 Guelf.
886 2652 922 2700 ed.
939 2668 975 2716 pr.
989 2651 1060 2715 idque
1075 2662 1135 2700 recte
1148 2653 1280 2701 restituam
1295 2668 1311 2700 a

241 2715 320 2764 Guelf.
332 2718 427 2777 οοὲπὶια
440 2716 550 2778 perfidio.
583 2715 646 2764 Mox
662 2717 758 2766 eMSS.
792 2715 884 2779 Ryddo
902 2724 925 2763 et
941 2715 967 2763 J.
979 2714 1080 2764 Gronov.
1098 2717 1176 2764 Rhea.
1192 2717 1217 2775 (e
1233 2716 1309 2774 Bud)

227 2827 231 2835 ,
241 2779 304 2827 Flos.
313 2779 373 2842 neg.
383 2795 437 2826 curn
446 2779 538 2843 Rycltio
546 2778 607 2827 edidi
615 2781 721 2840 tutudit,
733 2788 760 2828 ut
792 2779 856 2828 dedit
866 2781 1001 2837 uccekrure,
1012 2778 1076 2842 quod
1085 2779 1142 2827 hinc
1152 2780 1177 2826 in
1189 2789 1310 2842 sequentes

240 2856 296 2890 mox
312 2857 332 2892 c.
345 2844 382 2890 15.
394 2843 445 2891 init.
475 2859 501 2892 ro
512 2845 634 2905 presidii.
652 2843 726 2906 Epir.
792 2842 922 2890 eddrenit.
957 2844 1065 2893 celerare
1075 2843 1160 2891 iterum
1170 2842 1309 2891 dixitcdl.

275 2906 423 2967 domueris]
505 2938 511 2952 .
532 2907 627 2954 Fames.
645 2905 759 2956 commea-
792 2906 854 2954 Mox
865 2905 945 2954 Guelf.
953 2908 1184 2970 oeeultsspollutione.
1216 2906 1259 2953 An
1269 2921 1309 2953 ro-

411 2969 759 3082 ra...
791 2968 1099 3032 a..

252 3109 389 3156 eutanonv
429 3097 550 3164 aplacent.
573 3097 646 3145 Eas.
792 3103 865 3144 reret.
1279 3133 1282 3138 .

273 3161 541 3224 Nedutturetarme]
569 3157 759 3223 Apponomlcu·
825 3163 899 3222 Seque
918 3163 1029 3222 presidio
1047 3164 1151 3210 abituros
1171 3163 1310 3209 minitaren-

240 3225 291 3272 lum
303 3226 328 3272 ri
340 3240 411 3286 quum
421 3223 559 3281 delentibus,
571 3223 618 3272 sire
628 3226 759 3285 conjectura
791 3224 846 3287 tur]
870 3224 973 3272 Pichens
985 3224 1069 3272 vitium
1085 3223 1180 3290 aliquod
1189 3225 1228 3273 hic
1239 3225 1310 3272 latere

240 3297 274 3336 eet
290 3303 317 3336 ea
332 3287 441 3336 Gruelotii
457 3287 482 3334 in
498 3287 556 3350 Syll.
567 3287 651 3334 Bunn.
668 3300 685 3335 t.
700 3288 718 3335 l.
732 3303 756 3351 p.
792 3287 928 3350 suspicetur,
950 3289 1014 3351 quod
1034 3289 1059 3337 in
1074 3290 1138 3338 ntor.
1155 3297 1260 3352 corrupte
1276 3289 1311 3335 le·

241 3351 297 3400 350.
307 3361 330 3400 et
342 3353 453 3400 Gruteri:
472 3359 495 3400 et
505 3351 580 3398 multo
592 3351 675 3414 magis,
689 3351 759 3398 sive-
792 3351 869 3413 gitur:
887 3366 954 3412 seque
966 3355 1107 3413 presidium
1117 3355 1203 3401 ommis
1213 3354 1310 3399 minite-

241 3431 295 3464 rmn
311 3423 353 3474 eet,
371 3415 434 3479 quod
454 3415 511 3476 jacit
527 3414 635 3473 Ursinus,
655 3415 760 3462 inventos
793 3421 884 3462 rentur.
916 3415 1176 3478 Edpnproubituros
1190 3415 1311 3463 habetiti·

240 3479 311 3526 libros
319 3487 410 3538 veteres,
420 3480 462 3544 qui
472 3477 607 3541 particulam
616 3477 759 3526 damnarent.
792 3477 847 3526 dem
854 3487 960 3540 corrupte
964 3480 1105 3541 presidium
1113 3482 1243 3541 qrsomtuus.
1255 3479 1309 3527 MS.

241 3541 318 3594 Iubes
327 3557 373 3590 non
385 3545 414 3592 ab
423 3543 460 3602 iis,
469 3541 510 3605 qui
518 3541 614 3589 docendi
623 3551 694 3601 erant,
703 3541 760 3606 quid
793 3541 854 3604 mg.
872 3541 1004 3605 presidium
1023 3546 1137 3604 consutus,
1157 3545 1217 3605 Agr.
1235 3546 1310 3590 tredi-

240 3621 316 3666 urma,
328 3605 386 3669 quid
396 3607 515 3665 dubitare,
527 3605 584 3668 quid
599 3607 706 3654 dubitare
719 3621 759 3654 ur·
793 3613 868 3653 turus.
900 3605 970 3654 Unde
987 3606 1092 3654 Freinsb.
1106 3608 1223 3669 eleganter
1236 3608 1311 3669 suspi-

240 3673 285 3718 mu
296 3677 361 3728 esset,
373 3670 413 3718 sed
424 3669 510 3726 abhis,
523 3668 622 3731 quinon
633 3683 760 3732 concoque-
793 3679 859 3718 catur
875 3669 1001 3732 legendum
1018 3673 1160 3733 presidium
1178 3672 1311 3718 osnissuros.

233 3735 438 3786 ¹bentinesuentus
450 3733 590 3780 conditiones
600 3736 675 3780 armis
684 3734 760 3780 matu.
793 3733 925 3795 Vulgarum
943 3741 977 3780 est
994 3734 1020 3781 in
1037 3735 1117 3782 Guelt'.
1138 3733 1212 3781 Ean.
1247 3734 1309 3800 de.

240 3795 327 3860 Neque
338 3796 401 3844 enim
412 3795 536 3861 protritum
546 3795 591 3844 hoc
600 3795 712 3861 loquendi
721 3813 762 3860 ge·
793 3812 837 3844 ar.
848 3811 881 3843 m.
895 3798 1009 3858 presidio
1021 3799 1141 3846 abituros:
1159 3800 1210 3845 al.
1221 3798 1312 3845 videtur

239 3875 299 3908 neas
324 3861 415 3922 elegans
437 3868 523 3908 tamen.
557 3860 675 3922 Apuleius
693 3861 762 3924 Apo-
793 3860 864 3908 muse
875 3862 986 3922 peuda
1001 3865 1093 3910 smmis.
1127 3860 1269 3925 Bip.lenius
1287 3869 1311 3906 et

240 3923 374 3989 lcg.p.,83.
386 3923 424 3972 ed·
436 3923 497 3971 Prie.
531 3925 688 3978 Percrebuerat
700 3925 762 3972 idem
794 3924 869 3972 verius
879 3932 963 3988 putant
969 3926 1079 3986 presidii
1090 3928 1212 3972 immunes.

241 3989 380 4035 Pontianus
406 3989 480 4036 matri
507 4001 572 4044 suoe,·
588 3996 624 4035 *nt
646 4003 684 4036 me
707 3990 762 4035 aliis
827 3989 959 4034 Provisum
976 3991 1026 4051 illie
1044 3988 1202 4060 mesusseiuml
1225 3987 1313 4050 Super-

241 4051 349 4098 urmsibus
373 4053 461 4100 mallet.
495 4049 669 4100 Subaudiehem
694 4060 762 4100 antea
794 4051 954 4099 lluitverbum
964 4053 1079 4100 alterumr
1096 4048 1228 4116 quidemm
1244 4051 1314 4098 refert

240 4115 355 4174 emensi,
367 4115 430 4178 quod
445 4122 468 4163 et
483 4115 514 4162 ad
529 4116 604 4162 ermis
621 4124 644 4164 et
660 4115 690 4163 ad
707 4130 761 4162 euu-
794 4114 913 4177 provisum
928 4114 1070 4173 sucrificium,
1081 4130 1112 4163 sn
1126 4116 1265 4176 impersmm
1276 4113 1313 4160 di-

241 4179 340 4226 autom
351 4179 405 4226 sutis
417 4177 537 4228 commode
547 4178 624 4226 referri
635 4179 761 4228 ridebatur.
795 4178 878 4228 xeris?
902 4178 975 4239 Vera,
990 4187 1054 4241 puto,
1065 4179 1147 4226 tario:
1160 4179 1261 4238 provisu
1271 4193 1314 4224 suo

240 4240 288 4290 Sed
302 4240 361 4290 illud
371 4243 446 4306 magis
456 4243 537 4307 ploret.
556 4242 652 4308 (ibon.
682 4242 764 4306 Atque
795 4242 846 4290 ultr
862 4243 943 4305 uuran.
959 4243 1006 4291 rire
1021 4241 1100 4301 stiam,
1118 4243 1244 4303 prouisum
1262 4243 1314 4288 stlte
