3042 4950
235 218 290 274 114
646 213 879 275 ANNALIUM
1122 218 1170 290 [a.
1184 232 1214 274 u.
1229 217 1320 280 907..
1350 305 1353 312 ,
1415 215 1418 220 “

237 401 312 445 mox
329 376 466 461 adventu
481 376 611 443 AEscula
635 377 655 443 ’i
673 390 771 445 artem
789 376 933 443 medendi
946 377 1084 456 inlatam,
1102 376 1300 465 maximeque

235 464 319 529 inter
336 474 474 551 posteros
492 464 562 551 ejus
579 487 614 529 ce
625 466 730 530 ebrem
747 464 873 542 fuisse,”
891 463 1018 528 nomina
1037 462 1232 551 singulorum
1252 485 1301 526 re-

237 540 351 627 terens,
371 560 402 613 et
422 549 538 637 quibus
562 550 694 638 quisque
714 550 860 615 aetatibus
877 549 1059 635 viguissent.
1103 548 1187 626 Quin
1207 546 1300 612 etiam

237 635 330 711 diruit,
352 641 374 673 “
392 636 646 721 Xenophontem,
665 637 758 722 cujus
781 634 907 699 scientia
931 635 997 721 ipse
1022 647 1173 713 uteretur,
1191 632 1300 701 eadem

238 719 356 787 familia
373 732 496 787 ortum:
524 721 730 809 precibusque
752 722 823 807 ejus
845 719 997 800 dandum,
1017 732 1054 785 ut
1070 717 1156 783 omni
1180 718 1300 783 tributo

240 806 331 871 vacui
351 807 383 871 in
402 817 561 896 posterum
583 803 642 869 Coi
664 828 781 871 sacram
801 818 833 869 et
846 816 969 871 tantum
984 806 1047 871 Dei
1063 803 1235 869 ministram
1253 803 1301 868 in-

240 892 340 959 sulam
357 892 519 957 colerent.”
562 890 678 976 Neque
691 890 825 955 dubium
842 890 986 970 habetur,
1004 890 1105 956 multa
1118 887 1298 954 eorumdem

239 975 271 1041 in
287 980 335 1042 Po
358 1022 367 1041 .
379 980 472 1042 Rom.
483 975 604 1054 merita,
621 975 779 1063 sociasque
793 975 937 1041 victorIas
949 976 1086 1064 potuisse
1100 974 1190 1039 tradi.
1235 974 1300 1039 Sed

185 1145 188 1150 ‚
241 1000 394 1129 Claudius
417 1060 563 1127 facilitate
583 1061 686 1141 solita,
711 1060 800 1148 quod
828 1060 884 1125 uni
907 1061 1106 1141 concesserat,
1131 1059 1225 1125 nullia
1248 1082 1301 1125 ex·

239 1147 390 1213 trinsecus
402 1145 589 1235 adjumentis
602 1146 724 1212 velavit.

284 1232 403 1299 LXII.
419 1233 466 1297 At
481 1231 637 1319 Byzantii,
651 1233 725 1298 data
738 1231 861 1297 dicendi
875 1232 974 1321 eopia,
989 1254 1062 1298 cum
1075 1238 1098 1271 “
1111 1231 1301 1319 magnitudi-

240 1340 312 1383 nem
340 1318 490 1384 onerum”
514 1318 601 1405 apud
630 1320 781 1384 Senatum
804 1319 844 1383 de
866 1330 1053 1396 necarentur,
1078 1328 1191 1382 cuncta
1216 1340 1302 1404 repe-

241 1404 356 1479 tivere3
387 1405 449 1469 orsi
474 1410 531 1467 “a
548 1402 676 1483 foedere,
696 1404 785 1491 quod
870 1405 969 1469 iseum
992 1404 1119 1482 ieerant,
1139 1426 1203 1488 qua
1224 1416 1301 1467 tem·

295 1502 358 1553 tate
385 1481 568 1553 bellavimus
595 1488 744 1555 adversus
772 1489 895 1576 Regem
924 1489 1147 1564 Macedonum,
1173 1488 1235 1566 eui,
1265 1501 1303 1552 ut

165 1646 169 1651 ,
240 1513 395 1662 Ξῖἓειιετί,
409 1573 666 1723 Pseudophilippi
680 1574 867 1640 vocabulum
881 1573 1061 1674 inpositum.
1091 1573 1206 1638 Missas
1219 1585 1304 1659 post-

239 1660 299 1726 hac
317 1659 420 1747 copias
442 1660 475 1725 in
496 1659 612 1725 Antioc
636 1683 701 1741 um,
719 1663 848 1739 Persen,
867 1658 1094 1737 Aristonicum,
1116 1671 1148 1723 et
1173 1657 1303 1745 piratico

240 1743 324 1810 bello
345 1746 490 1832 adjutum
515 1744 716 1826 Antonium,.”
742 1747 973 1811 memorabant:
1003 1751 1025 1785 “
1044 1765 1180 1832 quaeque
1205 1742 1302 1809 Sullae

240 1843 296 1894 aut
318 1829 454 1895 Lucullo
474 1843 529 1895 aut
549 1832 629 1894 Pom
669 1831 700 1896 io
722 1831 906 1897 obtulissent
915 1832 943 1895 :''
969 1852 1044 1896 mox
1072 1829 1247 1894 “recentia
1269 1830 1302 1894 in

242 1916 380 1981 Caesares
394 1916 521 1996 merita3
543 1938 628 2002 quan
650 1940 670 1979 o
683 1940 720 1981 ea
732 1917 800 1981 loca
813 1916 992 1994 insiderent,
1005 1940 1078 2004 quoe
1088 1914 1304 1980 transmeanti-

240 2001 301 2067 bus
324 2013 406 2066 terra
431 2001 572 2088 marique
592 2002 738 2067 Ducibus
761 2001 1020 2089 exercitibusque,
1045 2000 1137 2066 simul
1160 2000 1304 2086 vehenda

238 2088 426 2152 commeatui
440 2112 460 2151 ο
482 2098 617 2175 portuno
630 2088 765 2152 forent.”
1044 2168 1047 2172 ,
1251 2092 1257 2103 “

283 2172 413 2237 LXIII.
472 2195 585 2260 amque
604 2172 775 2238 arctissimo
796 2174 877 2237 inter
890 2174 1054 2259 Europam
1068 2170 1242 2258 Asiamque
1254 2172 1303 2237 di-

239 2257 351 2336 vortio,
364 2257 553 2345 Byzantium
568 2257 599 2323 in
613 2272 751 2324 extrema
762 2260 894 2346 Europa
906 2280 1037 2345 posuere
1048 2257 1164 2336 Graeci,
1176 2255 1304 2343 quibus,

241 2470 338 2520 Haaiod.
349 2488 372 2521 v.
387 2472 441 2521 lto.
474 2474 603 2521 Pareatam
612 2472 683 2522 babet
693 2472 756 2522 Flor.
787 2472 817 2522 da
827 2472 920 2522 auxiliis
934 2470 995 2521 varie
1006 2468 1066 2519 latis
1101 2470 1184 2535 Itaque
1194 2471 1302 2533 wilbac,

239 2537 349 2587 Ateus.
360 2552 414 2585 eum
425 2535 476 2585 aliia
485 2537 547 2585 male
553 2545 659 2600 parente.
787 2553 834 2586 non
848 2547 940 2601 tempus
955 2538 988 2585 rei
1003 2545 1081 2600 gesta,
1096 2536 1135 2583 sed
1149 2536 1216 2584 dida
1231 2545 1305 2586 notat.

275 2603 379 2649 Tantam
389 2603 438 2650 Det
453 2603 600 2665 ministram]
633 2602 672 2651 Sic
682 2601 754 2651 MSS.
786 2601 872 2650 Malim
882 2611 968 2662 amen,
975 2601 1092 2664 posthac,
1100 2613 1212 2648 sewun.
1224 2601 1301 2650 luas.

240 2665 279 2715 rt
289 2665 352 2714 Bud.
364 2665 434 2713 Parin
448 2664 486 2713 ed.
505 2680 541 2728 pr.
573 2665 660 2714 Cetera
676 2681 755 2714 onmes
786 2667 896 2715 Frustrar
909 2668 1007 2728 poetae
1017 2665 1079 2713 idem
1089 2672 1165 2725 estet
1175 2664 1304 2714 sicdiatum

239 2738 293 2778 ante
304 2728 430 2778 Picbenam
449 2732 518 2784 tanti,
535 2729 604 2778 etiam
615 2730 681 2793 lips.
692 2731 755 2794 quod
786 2731 811 2792 3,
822 2732 863 2780 62.
875 2738 899 2779 at
908 2731 933 2789 6,
945 2730 969 2785 7.
987 2731 1059 2778 Ean.

240 2794 302 2845 male
313 2792 415 2842 defendit
431 2793 536 2856 Rya'aius
554 2793 631 2842 aeod.
644 2794 704 2856 Agr.
716 2795 755 2842 cui
819 2796 937 2859 Adjmm
948 2795 1092 2858 Acastum]
1122 2793 1196 2857 Capio
1211 2809 1258 2843 non
1273 2795 1303 2845 de

240 2857 393 2921 adstipulatur
404 2857 482 2907 Guelf-
515 2857 576 2906 Vult
586 2871 632 2906 uon
647 2858 691 2907 nisi
702 2859 755 2906 Deo
786 2859 869 2908 celebri
879 2866 980 2924 notoque
988 2859 1100 2918 Antonio,
1112 2857 1154 2922 qui
1166 2857 1303 2919 Triumvir3

138 2979 140 2981 ¹
241 2922 324 2971 servire
338 2921 449 2982 inarlam,
465 2936 512 2970 non
527 2921 597 2970 etiam
612 2922 754 2982 hominibus,
786 2922 827 2972 sed
847 2924 877 2972 de
895 2923 932 2970 Μ.
947 2922 1061 2980 Antonio,
1079 2922 1120 2986 qui
1139 2922 1239 2971 Curatur
1256 2939 1303 2973 ora

241 2985 328 3034 tributo
338 2987 466 3050 pendendo.
491 2985 583 3035 Vitiosa
593 2985 662 3035 itiam
672 2987 708 3036 ed.
719 3001 754 3050 pr.
785 2987 970 3035 maritimarum
977 2986 1067 3034 infinito
1074 2987 1178 3050 imperio,
1187 2990 1231 3036 sub
1238 2987 1306 3036 initia

242 3049 339 3114 aliaeque
354 3052 553 3099 vatt'bobcratur.
579 3051 652 3100 Ean.
684 3050 756 3100 Sioet
787 3051 881 3101 Piratici
894 3051 958 3110 baffi,
969 3051 999 3099 da
1012 3065 1059 3114 quo
1073 3050 1133 3098 illud
1148 3051 1252 3100 Sallustii
1265 3052 1304 3100 in-

242 3113 305 3162 Bud.
317 3114 410 3178 atAgr.
420 3116 486 3163 codd
787 3115 864 3164 notuit
883 3116 908 3163 in
929 3115 1013 3178 fragm.
1033 3115 1049 3161 l.
1069 3116 1094 3162 3.
1128 3115 1168 3162 Μ.
1184 3117 1303 3165 Antoas'oa

275 3180 464 3228 Potaissetrodt.
481 3181 527 3228 Sed
566 3179 605 3228 Sic
614 3179 711 3228 feliciter
720 3195 756 3228 rs-
783 3181 914 3243 perdundae
929 3180 1156 3241 praesagantes,
1173 3195 1304 3243 vacuasque

242 3242 317 3292 stituit
333 3243 410 3291 Rhan-
426 3245 502 3292 ecod.
517 3181 584 3294 liud.
599 3244 641 3309 qui
658 3244 758 3292 habebat
788 3261 803 3292 o
818 3247 883 3291 aar&
896 3246 945 3292 atri
958 3245 1107 3292 instantibus.
1139 3242 1202 3292 Vide
1211 3244 1304 3294 cioero-
1379 3277 1382 3280 ·

237 3309 344 3370 patuisse
352 3309 491 3357 tradidisset.
511 3311 632 3368 Claudius,
644 3317 671 3356 ut
679 3309 759 3356 (duell.
788 3320 843 3357 nun
857 3316 881 3357 et
893 3308 1023 3358 Aesonium
1037 3309 1063 3355 in
1073 3307 1172 3356 Verrem
1187 3308 1211 3368 l,
1226 3309 1266 3356 23.
1278 3311 1302 3370 2,

242 3371 335 3434 nupt.
346 3374 462 3434 pmuiseet
472 3375 613 3422 tradidisset.
636 3373 758 3423 Claudius.
789 3375 814 3421 3.
829 3373 905 3422 Lm.
938 3371 1000 3420 Mox
1011 3372 1150 3420 commeatui
1160 3371 1252 3421 volebat
1263 3373 1304 3420 Pi-

242 3435 385 3484 l’utaolanus
392 3436 481 3500 primus
489 3437 560 3498 dedit,
571 3439 678 3500 petubas
686 3439 758 3486 Clau-
789 3437 869 3486 meaa
900 3437 934 3486 lit
944 3435 976 3485 aie
986 3437 1022 3484 ed.
1031 3436 1122 3500 Grypb.
1134 3435 1304 3500 sadvulgatum

242 3501 302 3547 dius.
319 3498 390 3548 Ean.
424 3501 532 3550 Berodd.
540 3504 665 3566 pachae:
684 3503 757 3550 Clau-
789 3501 874 3563 taius,
893 3502 942 3550 sive
954 3501 1060 3550 dravum
1076 3501 1141 3560 velia,
1157 3500 1205 3549 siva
1221 3500 1305 3549 ablati-

242 3565 301 3612 dtas.
789 3579 853 3614 vam.
886 3566 925 3614 Da
935 3565 1018 3614 dativis
1034 3566 1059 3613 in
1070 3582 1087 3612 a
1099 3581 1169 3628 supra
1184 3566 1235 3626 jam
1244 3563 1304 3613 vidi-

275 3629 310 3677 Aa
332 3631 459 3692 Byzantii]
493 3628 539 3677 nd.
560 3645 595 3693 pr.
613 3633 756 3692 Byzantiis.-
788 3629 1240 3680 muse.t.etconstmctione1nsimilsm
1249 3645 1303 3678 eum

242 3707 299 3741 mox
313 3696 428 3756 jecerant,
446 3695 473 3741 'ut
492 3693 564 3742 MSS.
584 3693 647 3742 Flor.
670 3695 756 3756 (Bud.)
788 3695 888 3743 ablativo
896 3695 921 3752 3,
932 3696 969 3743 19.
986 3694 1058 3741 Ean.
1084 3693 1148 3742 Bud
1158 3695 1304 3752 emmam,

152 3749 159 3775 '
243 3757 322 3806 Guelt
340 3753 391 3804 edd.
408 3773 443 3821 pr.
463 3757 517 3806 Put.
534 3758 588 3805 Ber.
608 3759 662 3806 alc
678 3759 756 3809 Ilben.
788 3760 849 3822 quod
860 3758 955 3822 praefero
965 3773 1020 3806 cum
1031 3757 1097 3805 Pich.
1108 3766 1131 3805 et
1141 3758 1196 3822 Bip.
1251 3747 1260 3766 ⁸

242 3821 301 3869 Ald.
332 3823 429 3870 Icerant
444 3823 517 3885 repeti
537 3821 562 3870 in
578 3817 670 3886 G'ryph.
687 3823 753 3872 Pieb.
825 3824 930 3871 Vebendo
944 3824 1095 3886 commeatui]
1123 3823 1206 3871 Heius.
1222 3825 1304 3870 subve-

242 3885 308 3950 Lips.
328 3895 369 3933 eta
404 3887 494 3934 Lioerat
514 3886 624 3949 surrigere
638 3888 766 3950 ficerunt*
787 3890 868 3936 bando.
902 3887 998 3936 Sieood.
1009 3888 1068 3950 Agr.
1076 3888 1139 3950 apud
1148 3887 1223 3950 Ryck.

241 3959 270 3998 ut
290 3949 369 4009 11‚9.
388 3965 401 3998 a
421 3953 517 4014 jaciunt
540 3950 628 3999 facturn
648 3952 753 4015 saciant.
795 3996 800 4002 .
826 3954 930 4000 Poscere
949 3951 1041 4015 Greci]
1075 3951 1189 4016 Pleraque
1209 3950 1303 3998 historia

241 4015 314 4066 Ean.
739 4037 742 4043 ¹
787 4016 905 4080 Spartanis
923 4015 1032 4064 adscribit
1049 4015 1166 4064 conditam
1183 4015 1244 4062 banc
1260 4029 1303 4063 no-

275 4081 366 4128 Miaaaa
383 4081 480 4141 posthac
496 4081 584 4144 coptos]
609 4078 674 4137 Quid
689 4071 760 4142 port·¹
786 4081 858 4130 bilem
878 4082 968 4139 urbem,
990 4087 1015 4127 et
1035 4079 1129 4128 iamim
1153 4079 1303 4143 imperiorum
1400 4130 1412 4146 0

242 4144 307 4191 bac?
408 4145 538 4192 Antiochus
559 4152 582 4191 at
603 4141 683 4192 Perses
703 4153 755 4208 post
786 4144 872 4194 sedan.
898 4142 1304 4206 Justinus9,l.et1aidorus01ig.

243 4159 488 4272 Paudoffiiippum?
499 4208 609 4256 minine:
621 4210 755 4272 temporebi
789 4209 827 4269 ts,
848 4211 868 4257 1.
880 4225 894 4258 a
905 4209 1020 4257 Pausania
1031 4209 1111 4272 Rege3
1129 4207 1274 4256 Claudianus
1288 4224 1303 4255 a

240 4279 366 4324 mut:
384 4273 423 4320 sed
434 4271 517 4321 scilicet
524 4271 754 4336 Byrmtiiprimum,
786 4273 893 4337 Byzanta
908 4273 1010 4339 quodam
1031 4288 1078 4322 non
1097 4275 1194 4321 obscure
1212 4282 1302 4320 exaru-

241 4336 382 4394 utralidius,
393 4338 466 4384 foedus
476 4345 612 4396 memorant,
624 4337 686 4400 quod
697 4349 754 4386 tem·
787 4346 848 4386 ctam
869 4339 935 4387 vultr
962 4339 987 4385 in
1008 4337 1106 4401 Eutrop
1125 4340 1149 4395 2,
1178 4337 1303 4384 ild-boc

240 4415 295 4466 pore
309 4400 500 4465 Pseudophilippi
515 4402 582 4452 coiit:
601 4410 652 4450 tum
666 4402 754 4452 addunt
787 4405 868 4471 Byzas
883 4403 1094 4465 Contunditurque
1108 4403 1240 4451 viduant?
1272 4401 1303 4450 In
