3042 4950
220 258 288 297 aa.
311 242 373 315 aa]
596 247 669 302 nra.
692 246 747 305 xi.
772 247 861 303 can
885 251 928 303 ro.
1251 251 1289 310 17

216 403 323 467 Deum
335 407 488 491 pepigere,
506 415 526 446 “
539 407 681 470 fraudem
693 407 885 470 inimicorum
901 405 1015 484 ulcisci,
1026 422 1121 493 atque
1131 411 1190 497 ipsi
1200 412 1281 474 iuter

218 510 250 550 se
265 490 458 552 concedere.''
502 492 672 578 Potiorque
695 492 855 555 Bardanes
876 492 961 554 visus
984 492 1144 557 retinendo
1165 519 1278 582 regno:

217 588 249 634 at
265 574 425 651 Gotarzes,
448 577 580 663 nequid
599 577 803 641 aemulationis
822 576 990 653 exsisteret,
1004 580 1129 662 penitus
1142 580 1175 642 in
1191 585 1280 666 Hyr-

215 657 333 720 caniam
353 659 447 724 abiit:
472 685 671 748 regressoque
686 662 823 726 Bardani
840 661 967 724 deditur
982 661 1132 740 Seleucia,
1148 665 1279 749 septimo

215 755 286 826 post
302 743 503 809 defectionem
527 771 624 821 anno;
648 770 710 811 non
730 746 795 810 sine
813 747 967 810 dedecore.
977 747 1177 827 Parthorum,
1197 772 1277 834 quos

216 849 278 889 una
292 827 400 892 civitas
415 831 534 895 tamdiu
549 832 690 896 eluserat.

267 913 313 975 X.
337 915 422 978 Exin
444 915 645 981 validissimas
667 919 873 983 Praefecturas
895 919 1024 982 invasit:
1057 931 1087 982 et
1108 918 1278 1004 reciperare

214 995 397 1062 Armeniam
419 1003 540 1080 avebat,
561 1003 592 1065 ni
614 1002 739 1066 aVibio
759 1003 867 1066 Marso
889 1004 989 1088 Syriae
1004 1005 1137 1090 Legato,
1158 1003 1276 1067 bellum

215 1083 387 1162 minitante,
412 1087 565 1150 cohibitus
588 1089 677 1153 foret
721 1091 831 1174 Atque
853 1089 975 1152 interim
999 1091 1158 1162 Gotarzes,
1178 1089 1278 1175 poeni-

215 1168 311 1232 tentia
335 1173 467 1234 concessi
495 1173 594 1258 regni,
621 1185 662 1248 et,
689 1187 851 1236 revocante
875 1173 1046 1252 nobilitate,
1068 1175 1119 1238 cui
1143 1174 1174 1236 in
1196 1197 1276 1270 pace

215 1252 324 1317 durius
349 1256 507 1320 servitium
529 1270 585 1336 est,
606 1257 759 1321 contrahit
781 1259 900 1344 copias:
928 1274 959 1320 et
978 1258 1051 1322 huic
1069 1272 1177 1322 contra
1196 1273 1277 1321 rtum

215 1337 255 1399 ad
278 1361 400 1402 amnem
424 1342 582 1406 Erinden:
610 1345 643 1405 in
664 1345 754 1430 cujus
777 1355 968 1429 transgressu
989 1342 1125 1407 multum
1149 1356 1277 1421 certato,

214 1423 344 1506 pervicit
356 1425 525 1505 BardaneS,
543 1429 756 1514 prosperisque
770 1427 886 1513 proeliis
907 1428 1024 1492 medias
1045 1428 1183 1491 nationes
1204 1429 1278 1491 sub-

215 1509 279 1592 egit
302 1509 343 1572 ad
368 1510 483 1574 flumen
508 1513 634 1591 Sinden,
658 1514 743 1598 quod
769 1513 876 1576 Dahas
900 1514 1057 1598 Ariosque
1076 1513 1275 1578 disterminat.

216 1591 267 1655 Ibi
288 1594 400 1658 modus
421 1598 514 1660 rebus
535 1598 676 1661 secundis
694 1599 833 1695 positus:
855 1621 928 1661 uam
948 1598 1069 1676 Parthi,
1085 1621 1276 1683 quamquam

214 1677 354 1757 victores,
383 1680 584 1767 longinquam
613 1683 755 1746 militram
782 1682 1056 1768 adspernabantur.
1103 1683 1205 1768 lgitur
1225 1705 1278 1746 ex-

214 1911 284 1959 etiam
312 1914 418 1962 narrandi
446 1915 528 1964 Tacito
551 1915 728 1964 convenientior.
764 1921 830 1965 rebat
846 1919 870 1965 in
884 1918 956 1965 MSS.
968 1917 1042 1964 tribus
1059 1916 1141 1978 reperit
1152 1914 1278 1971 Broterius,

214 1975 285 2022 Etru.
319 1977 399 2026 Recte.
762 1982 879 2043 ediditque
890 1981 981 2027 Puteol.
990 1989 1013 2028 et
1022 1981 1076 2026 inde
1087 1981 1140 2026 Ber.
1150 1993 1208 2040 quos
1218 1979 1278 2024 Bro-

245 2042 338 2087 Deinde
346 2056 365 2086 e.
378 2043 414 2106 d.]
438 2045 503 2088 Dete
514 2057 533 2088 e.
545 2044 567 2088 d.
579 2043 641 2089 Bud.
653 2053 730 2092 contra
763 2045 833 2091 terius
847 2053 938 2092 secutus
949 2055 990 2090 est
1023 2043 1076 2105 Ego
1087 2057 1124 2089 eos
1135 2042 1220 2088 imitari
1230 2055 1284 2088 non·

214 2119 232 2149 c
245 2106 269 2150 2.
279 2117 321 2166 pro
332 2108 387 2152 eain
397 2105 467 2152 hebet
479 2107 569 2152 eetade.
761 2123 832 2155 ausus
850 2123 911 2166 sum,
923 2107 979 2169 quia
989 2107 1014 2153 in
1024 2122 1057 2153 eo
1062 2108 1130 2154 verbo
1140 2105 1218 2152 minus
1234 2114 1278 2163 cst,

249 2169 316 2214 Eric
339 2171 496 2216 validissimae
516 2170 670 2230 praefecturae
691 2175 729 2219 trr-
760 2187 832 2235 quam
848 2189 883 2220 res
899 2171 1009 2234 requirite
1026 2170 1123 2233 ideoque
1132 2169 1279 2232 interpolato·

185 2277 191 2288 ,
214 2233 287 2294 verit]
312 2232 383 2280 Mss.
396 2233 431 2280 ed.
445 2249 481 2296 pr.
494 2235 594 2280 invisit:
612 2235 675 2298 quod
693 2245 729 2283 ta-
760 2251 809 2282 rem
830 2237 924 2284 redolet.
948 2235 1020 2282 Eun.
1062 2232 1123 2281 Bud
1135 2249 1150 2280 a
1164 2249 1183 2279 r.
1196 2250 1229 2280 m.
1240 2249 1278 2280 re-

213 2311 267 2344 men
283 2297 308 2342 in
324 2297 430 2360 exemplo
446 2306 524 2346 nostro
534 2298 630 2360 antique
645 2314 729 2346 manus
759 2315 872 2360 reperere
888 2307 911 2347 et
926 2299 951 2346 in
963 2314 1036 2360 marg.
1051 2299 1158 2360 parebat.
1169 2298 1224 2358 Bip.
1235 2298 1278 2344 ho-

214 2369 341 2408 correxerat
354 2364 456 2408 tnvaa't:
474 2371 497 2408 et
513 2363 544 2410 sic
555 2361 645 2410 edidere
655 2365 728 2411 Bero-
760 2365 823 2410 debat
841 2365 865 2410 h.
878 2379 897 2410 a
910 2372 1005 2426 poteret.
1037 2361 1085 2410 Sed
1102 2361 1128 2408 id
1142 2363 1237 2408 terete
1252 2361 1277 2407 in

212 2424 287 2484 aldus,
299 2424 410 2480 Alciatus,
420 2425 547 2474 Rhenanus
558 2434 599 2475 etc.
619 2427 665 2475 Sed
676 2436 729 2475 ante
761 2427 826 2474 codd.
838 2437 916 2475 ortum
927 2426 1018 2474 ridetur
1028 2441 1058 2475 ex
1072 2427 1162 2483 avebat,
1175 2437 1203 2472 ut
1218 2433 1278 2472 recte

120 2528 123 2533 ,
211 2491 260 2550 jarn
278 2489 425 2537 Puteolanus.
458 2490 491 2538 Et
510 2491 542 2538 ita
560 2490 637 2539 estin
649 2492 726 2539 Guelf.
760 2491 878 2541 Heinsius.
912 2491 959 2539 cut
980 2492 1024 2537 hoc
1045 2505 1090 2539 uon
1110 2490 1194 2552 placet,
1215 2491 1278 2552 legat

213 2554 284 2601 Eun.
318 2553 431 2601 Rhenin
444 2554 563 2617 Buthlegi
579 2554 612 2603 ait
627 2558 726 2603 tnvatt:
758 2558 907 2617 reciperetur.

212 2618 309 2665 debebat
319 2618 410 2678 addere,
422 2618 447 2665 id
458 2633 506 2667 esse
517 2634 531 2665 a
542 2634 560 2665 r.
571 2634 603 2665 m.
797 2621 829 2667 A.
847 2622 925 2693 Vitio]
954 2618 1089 2681 Praeposito
1105 2617 1182 2664 estin
1201 2616 1276 2664 MSS.

251 2686 285 2729 Et
312 2684 441 2743 reciperare
462 2683 637 2746 Armatam']
671 2685 726 2731 Non
758 2684 840 2746 cdpr.
865 2684 953 2733 Omisit
961 2683 1111 2738 Puteolanus,
1122 2695 1168 2728 non
1179 2682 1276 2729 demum

212 2761 281 2793 sanus
298 2745 375 2803 locus;
399 2745 428 2794 de
442 2762 489 2809 quo
505 2748 569 2793 velut
586 2746 610 2793 in
629 2750 727 2796 tenebris
757 2748 894 2805 Beroaldus,
914 2758 941 2794 ut
958 2747 1008 2794 rult
1022 2746 1075 2793 Jec.
1090 2746 1164 2792 Gron·
1180 2746 1222 2807 qui
1240 2760 1275 2791 re-

212 2809 308 2857 micabo.
334 2810 398 2859 Lihn'
409 2810 487 2873 scripti
497 2825 552 2857 voec
560 2812 677 2869 auctiores,
691 2828 727 2858 re·
758 2811 840 2859 stituit.
857 2814 929 2859 Ean.
956 2810 1105 2858 Bodotria
1118 2810 1144 2856 V.
1175 2809 1275 2857 Sedhoc

213 2889 316 2935 esperare
337 2876 478 2922 Armeniam
501 2876 602 2923 habebat.
635 2876 669 2923 Et
692 2892 728 2924 re·
760 2891 870 2929 eanm.
1189 2913 1192 2918 „

212 2948 305 2987 ctumne
324 2938 401 2986 illud?
425 2948 452 2985 ut
471 2939 500 2986 sit
519 2940 651 2987 Graeconrm
674 2940 728 3003 ἔχω,
791 2943 876 3004 Feret]
895 2940 1041 2988 Eud-erret.-
1059 2946 1258 2987 etmoxooeante.

213 3002 259 3050 ἀντὶ
276 3007 313 3049 τοῦ
330 3002 434 3058 dhaem:
453 3003 569 3066 quomodo
584 3003 672 3062 Cicero,
690 3006 727 3051 A·
797 3006 900 3051 Amnem
915 3005 1034 3067 Erinden]
1067 3003 1113 3051 Ed.
1127 3020 1162 3066 pr.
1174 3005 1275 3050 Eriden.

211 3066 308 3129 puleius,
321 3065 437 3129 Agellius,
455 3068 540 3130 aliique
555 3082 568 3114 e
583 3068 674 3115 Latinis
692 3069 728 3115 in·
759 3068 865 3130 Ryckius
892 3068 991 3128 conjicit,
1016 3069 1171 3126 Charendem,
1192 3068 1234 3130 qui
1260 3083 1275 3113 a

212 3130 311 3177 terdum.
346 3132 388 3177 An
413 3132 529 3179 tractat?
557 3146 587 3177 en
608 3134 727 3179 cedebat?
760 3133 885 3179 Ptolemaeo
895 3134 919 3191 6,
931 3134 954 3178 2.
964 3132 1024 3179 inter
1033 3132 1176 3193 Hyrcaniam
1186 3141 1210 3177 et
1220 3132 1275 3178 Me·
1366 3133 1370 3138 '

210 3196 307 3241 verbum
318 3194 411 3257 quidem
423 3194 589 3243 infarciendum
600 3205 641 3253 est,
653 3198 729 3244 ruenti
758 3195 820 3241 diam
832 3196 933 3257 ponitur,
948 3206 1089 3242 memoratus
1099 3196 1169 3241 etiam
1179 3195 1276 3241 Ammi·

211 3258 500 3305 sententiaesustentandae.
519 3259 609 3305 Veneta
619 3260 726 3318 editione,
758 3262 853 3318 an023,
865 3261 889 3306 6.
904 3260 976 3307 Enu-
1009 3257 1072 3306 Bud.
1083 3260 1206 3305 Erindem.

210 3325 341 3383 reciperare
352 3322 492 3369 Armeniam
507 3324 616 3383 parabol,
635 3337 727 3384 expres·
797 3323 838 3369 Ad
848 3327 940 3383 flueren
964 3324 1069 3385 Gindee]
1097 3322 1161 3369 vett.
1179 3322 1276 3369 Sinden.

211 3402 263 3433 sum
278 3385 385 3433 invenies.
419 3386 448 3433 Iu
460 3386 514 3435 Vct.
527 3394 574 3448 opt.
586 3386 673 3450 (siquid
684 3387 727 3435 hoc
758 3386 855 3449 Gyndes
865 3386 949 3435 duviu
960 3388 1093 3433 nominatur
1102 3387 1171 3433 etiam
1183 3386 1276 3433 Senecae

211 3450 241 3497 ad
263 3449 323 3509 rem)
340 3451 428 3509 hebeat,
446 3449 566 3505 scribiturr
590 3449 666 3497 littera
681 3452 727 3498 alia
759 3450 799 3497 Ira
809 3452 833 3507 3,
845 3452 884 3498 21.
922 3453 1000 3511 Cyrea
1013 3466 1067 3496 eum
1077 3452 1220 3510 Babylonem
1235 3464 1276 3509 op-

210 3528 309 3576 superne
330 3514 426 3573 adjecta.
459 3513 524 3571 Quid
549 3513 568 3560 si
589 3515 666 3570 etiam,
690 3531 726 3562 re·
752 3521 908 3575 pugnaturus
918 3516 1087 3577 firttneretad
1102 3516 1194 3571 bellem,
1207 3515 1275 3574 Gya-

210 3580 314 3640 reperere
323 3579 465 3624 Armatam
473 3578 542 3623 idat?
554 3578 725 3625 sivenadehrt?
756 3580 801 3625 dee
818 3580 864 3624 lare
878 3580 966 3641 furum
983 3593 1076 3625 emnem
1095 3579 1154 3625 vado
1171 3577 1274 3625 transire

210 3640 286 3689 L112s.
311 3641 408 3704 Optime
419 3640 547 3689 Rhenanus
558 3650 581 3688 et
591 3641 724 3702 Salinerius,
757 3645 864 3701 tentavit,
883 3650 907 3689 et
923 3658 976 3705 quae
992 3650 1136 3704 sequuntur:
1160 3641 1274 3703 equibus

207 3704 258 3817 yffi
270 3708 468 3818 rgegper2trrq4prp÷
477 3706 627 3816 νοῶροναῌόατό
638 3706 724 3816 rgoltunt.
757 3705 835 3815 lqurpis
852 3706 989 3816 ιεέιῐευιῇἓπι
1007 3705 1273 3829 {ibamqerugyss

258 3785 340 3817 cs.
419 3782 536 3816 .tt0u.
600 3779 726 3817 oeaest
804 3784 923 3816 ·-a-uro
967 3786 994 3817 ur
1045 3785 1068 3817 rt
1169 3784 1194 3814 ra
1262 3796 1274 3807 ·

208 3832 278 3881 etiam
297 3833 321 3879 in
337 3803 375 3881 ed.⁵
384 3849 419 3895 pr.
427 3836 525 3897 parebat
541 3833 566 3883 in
577 3834 632 3881 Ms.
645 3834 723 3881 Guelf.
756 3834 811 3880 der:
824 3833 865 3880 ubi
876 3786 1004 3880 magras.
1015 3787 1075 3887 tihi,
1087 3834 1190 3893 Cydnus.
1208 3832 1274 3878 Nam

210 3896 290 3944 Codex
298 3898 358 3959 Agr.
369 3898 426 3945 adeo
437 3897 501 3945 addit
512 3899 537 3943 ie
547 3899 633 3943 animo.
661 3897 725 3946 Mihi
756 3896 1206 3959 etHerodotoGyndes,l,189.L1rs.
1224 3894 1271 3940 Ed.

210 3959 269 4008 dicte
290 3977 304 4009 a
324 3962 441 4011 Gronovio
458 3961 474 4009 1.
497 3976 516 4009 c.
533 3958 637 4009 nondum
659 3961 725 4008 satis-
757 3960 1085 4023 Puteolalirequevettedd.
1098 3962 1204 4019 Gynden·
1237 3959 1274 4002 At

210 4023 303 4072 faciunt.
337 4025 400 4073 Narn
416 4026 549 4089 exemplum
566 4024 673 4073 infinitivi
684 4024 724 4072 de·
756 4025 792 4071 ed.
810 4041 845 4087 pr.
865 4025 939 4072 MSS.
959 4026 1029 4072 etiam
1051 4024 1130 4071 Guelf-
1166 4022 1272 4069 Sinden.-

211 4087 281 4136 sidero
289 4089 312 4137 in
323 4089 367 4137 hac
376 4097 497 4147 structura,
508 4099 616 4152 sequente
626 4091 659 4135 ei.
676 4089 725 4135 'I'a-
756 4089 819 4151 quod
838 4089 938 4136 restituit
955 4088 1089 4144 Broterius;
1106 4100 1162 4132 nem
1177 4084 1275 4144 cynas

212 4150 250 4197 citi
260 4153 352 4213 quidem
368 4161 479 4217 perpetua
491 4161 525 4200 est
536 4152 683 4210 consuetudo,
701 4154 725 4199 in
756 4152 901 4214 Babylonius
906 4162 941 4199 est
948 4152 1044 4210 alienus,
1051 4151 1081 4197 de
1086 4164 1133 4211 quo
1139 4164 1161 4193 v.
1168 4146 1274 4194 Broukh.

211 4212 255 4261 hac
278 4216 348 4264 sonna
374 4217 482 4264 orationis
497 4218 606 4263 *verbum
632 4216 725 4263 finitum
756 4216 951 4277 sumnam.
969 4216 1040 4262 Ena.
1074 4210 1241 4258 Eud-Sinden·

211 4293 326 4341 usurpare.
359 4282 417 4335 llaec
431 4280 545 4328 dubitatio
561 4280 619 4327 dum
637 4280 724 4327 idoneis
796 4282 964 4341 Longiaqeom
981 4273 1104 4334 mutatam]
1128 4275 1166 4321 Sic
1183 4274 1218 4320 ed.
1236 4289 1283 4336 pr.›

211 4342 324 4403 exemplis
344 4344 445 4401 tollatur,
465 4345 532 4391 liceat
550 4344 609 4390 mihi
626 4343 724 4403 credere,
756 4344 820 4407 quod
834 4343 934 4390 restituit
946 4345 987 4402 (ex
998 4338 1074 4399 Bud.)
1087 4338 1223 4392 Rhenanus,
1238 4338 1276 4382 in-

210 4406 333 4468 legendum
343 4422 390 4454 esse
401 4410 549 4471 reciperetur.
569 4408 726 4469 Verbumpa·
756 4408 826 4455 ducto
837 4405 891 4455 iude
902 4421 916 4453 a
927 4404 1055 4453 Puteolano
1066 4416 1189 4464 quamque·
1198 4400 1278 4447 Guelf-

255 4491 326 4534 VOL.
343 4490 376 4533 ΙΙ,
1090 4489 1107 4527 (ι
