3042 4950
235 253 307 298 mc.
320 240 388 320 47.]
625 243 703 302 LIB.
725 239 778 302 XI.
800 237 892 300 CAP.
912 245 940 299 2.
1284 251 1302 306 5
1407 196 1410 201 >

234 403 428 490 praecipuum
451 419 609 468 auctorem
628 405 805 469 Asiaticum
829 402 1031 468 interficiendi
1054 406 1199 471 Caesaris:
1233 428 1297 472 uon

234 487 414 552 extimuisse
434 489 610 554 concionem
626 490 742 576 Populi
757 489 906 568 Romani,
926 489 1027 567 fateri,
1063 488 1235 577 loriamque
1247 494 1296 557 fa-

233 569 345 634 cinoris
359 571 446 636 ultro
467 586 590 658 petere:
614 574 731 638 clarum
749 597 789 637 ex
809 597 846 637 eo
866 572 899 637 in
921 573 1009 652 urbe,
1052 573 1128 638 rdita
1147 598 1203 661 per
1223 600 1296 663 pro·

232 654 348 720 vincias
366 657 460 736 fama,
482 680 591 744 parare
610 661 670 724 iter
690 659 732 723 ad
753 658 954 722 Germanicos
972 657 1142 731 exercitum
1166 663 1294 745 quando

231 739 355 825 genitus
376 741 519 821 Viennae,
546 744 712 830 multisque
733 755 765 808 et
787 743 896 807 validis
916 743 1200 830 propinquitatibus
1221 747 1294 810 sub-

230 824 333 904 nixuS,
346 828 472 891 turbare
482 829 612 914 gentiles
622 830 760 893 nationes
769 841 952 914 promptum
961 829 1116 892 baberet.”
1139 832 1188 893 At
1197 829 1292 895 Clau-

186 983 190 992 ¹
233 909 314 989 dius,
334 911 411 974 nibil
428 911 511 976 ultra
528 927 692 989 scrutatus,
707 913 776 977 citis
795 935 867 976 cum
881 911 1040 991 militibus,
1063 927 1222 1000 tamquam
1236 931 1292 1002 op-

228 995 391 1081 primendo
404 997 496 1076 bello,
512 998 701 1085 Crispinum,
711 998 855 1062 Prretorii
868 997 1060 1084 prefectum,
1069 998 1171 1074 misit3
1195 1023 1214 1064 a
1227 1023 1293 1086 quo

230 1102 263 1142 re
302 1095 371 1146 rtus
385 1094 431 1146 est
445 1083 530 1169 apud
545 1083 648 1160 Baias,
663 1083 834 1180 vinclisque
847 1083 963 1160 inditis,
978 1082 1009 1146 in
1024 1083 1134 1147 urbem
1148 1097 1267 1170 raptus.

243 1103 323 1230 liei·
346 1170 458 1253 Neque
477 1167 549 1231 data
569 1169 703 1234 Senatus
721 1191 828 1254 copia:
851 1167 933 1231 intra
953 1167 1131 1232 cubiculum
1150 1169 1288 1249 auditur,

231 1251 410 1316 Messallina
423 1275 537 1331 coram,
548 1265 580 1316 et
595 1253 692 1318 Suilio
707 1261 729 1293 “
740 1252 969 1339 corruptionem
983 1252 1129 1332 militum,
1143 1277 1222 1341 quos
1235 1278 1289 1342 pe-

229 1338 322 1400 cunia
345 1352 377 1402 et
401 1337 565 1423 stupro-in
587 1338 672 1402 omni
693 1338 813 1426 flagitio
836 1337 1022 1402 obstrictos”
1041 1339 1202 1425 urguebat,
1216 1339 1288 1404 exin

228 1575 324 1624 lectione
332 1578 470 1642 exsculpunt
481 1580 579 1638 Valerii,
590 1578 631 1628 ubi
640 1585 742 1627 moneret
773 1579 927 1642 moxsaterir
945 1578 1007 1641 quod
1018 1592 1064 1628 non
1080 1577 1174 1641 quidem
1187 1574 1218 1626 ab
1226 1578 1286 1640 ipro,

229 1638 299 1698 idern,
311 1642 374 1704 quod
387 1645 482 1691 doceret.
516 1644 613 1703 Putant,
624 1642 743 1692 Sosibium
774 1643 814 1691 uad
822 1645 852 1690 ab
864 1642 915 1690 aliia
925 1651 1003 1689 temen
1013 1642 1038 1689 in
1054 1649 1145 1690 textum
1162 1650 1287 1706 mmm,

228 1703 272 1756 itta
288 1706 441 1766 geminatione
457 1707 558 1756 nominis
576 1707 688 1770 augendae
705 1707 743 1753 in-
776 1707 845 1754 etiam
861 1705 949 1769 Iripeio.
984 1705 1056 1764 Quod
1074 1720 1136 1754 nunc
1158 1714 1201 1764 cst,
1223 1706 1288 1754 rati.

229 1766 296 1818 vidiae
307 1777 329 1816 et
339 1769 393 1817 fidei
403 1772 476 1833 gratia
482 1786 566 1827 uaumr
578 1771 650 1819 fuisse
656 1769 743 1834 quippe
774 1770 820 1817 tuit
839 1769 942 1817 Pichena
963 1784 977 1817 e
997 1768 1070 1828 libris,
1087 1777 1167 1832 esuque
1187 1769 1213 1816 in
1229 1769 1286 1818 MS.

229 1830 323 1882 Valerio
330 1849 385 1896 epea
390 1835 514 1897 gentilitias
523 1835 651 1883 etAciatici
658 1849 743 1896 eogno-
774 1833 854 1881 Guelf.
864 1833 933 1880 etiam
944 1833 969 1878 in
980 1833 1016 1880 ed.
1032 1831 1164 1888 Puteolani,
1181 1842 1205 1880 et
1214 1833 1287 1881 Rivii.

228 1891 281 1970 rp'ep
293 1898 391 1970 mejeres
405 1898 499 1974 spiritua
515 1907 538 1946 et
551 1899 660 1966 ferociam
673 1898 742 1945 Prin·
774 1897 812 1944 De
822 1912 847 1944 re
860 1897 911 1959 ipsa
921 1896 973 1945 ride
984 1896 1137 1971 narrationem
1148 1896 1232 1944 Dioniu
1245 1900 1286 1958 59,

226 1961 742 2086 illbbiliiiiffi'uillllirii
774 1962 839 2068 it..
848 1960 1287 2087 wsslibblifflli

227 2101 284 2132 mox
293 2086 407 2147 gentilido
416 2086 518 2146 nomine,
534 2102 591 2134 mox
606 2087 743 2149 cognomine
773 2085 814 2133 aed
829 2100 855 2132 ce
869 2095 948 2148 optare
957 2084 1026 2144 dixit,
1038 2093 1066 2133 ut
1080 2085 1228 2135 interfecisset
1240 2087 1289 2150 ipre

228 2148 314 2203 efferre,
332 2157 360 2196 ut
376 2153 435 2210 5‚,4
474 2153 596 2198 Neronem
615 2153 741 2210 Caerarem,
774 2149 867 2198 Caium.
899 2149 976 2196 locus
992 2149 1084 2197 Seneca
1100 2165 1114 2196 a
1132 2149 1217 2213 lipsio
1230 2151 1289 2200 elb-

229 2214 394 2279 Germanicis.
418 2215 451 2262 H.
461 2215 486 2274 ³,
500 2215 537 2262 ll.
564 2216 685 2276 Aponium
697 2217 742 2263 Sa-
773 2220 812 2262 tua
832 2220 896 2261 extat
913 2213 943 2260 de
961 2212 1097 2260 Consentia
1114 2228 1134 2261 c.
1154 2215 1192 2262 18.
1215 2214 1288 2266 Ean.

227 2280 360 2326 turninum.
393 2278 457 2327 Mihi
470 2286 560 2342 recepte
575 2278 642 2327 lectio
651 2280 741 2328 bonum
773 2278 862 2352 Sequor
877 2275 1024 2340 Bipontinou,
1041 2276 1082 2340 qui
1100 2279 1231 2326 concionem
1249 2294 1289 2328 co-

227 2340 325 2400 fundere
334 2357 428 2392 cenaum
438 2342 534 2392 videtur.
772 2341 830 2390 dicra
846 2341 910 2389 Bud.
932 2340 1065 2400 admittunt,
1081 2349 1105 2389 et
1121 2349 1183 2390 recte
1206 2342 1288 2391 dictin-

266 2407 428 2467 Interficicndi
456 2408 570 2471 Cenares]
602 2406 742 2470 Interpunxi
772 2414 856 2468 guunt.

226 2479 280 2533 port
293 2472 402 2532 Cremuti,
417 2486 447 2519 na
457 2474 599 2535 sequentiae
612 2471 742 2535 preceden.
806 2471 896 2518 Dedtta
908 2485 954 2531 per
968 2470 1116 2534 prminctar]
1133 2469 1188 2519 Sive
1203 2470 1287 2531 mavis,

227 2536 289 2582 tibus
310 2536 432 2599 pendeant.
468 2537 624 2599 Namcaput
643 2544 677 2583 est
698 2535 742 2583 du·
773 2535 857 2581 didita.
906 2532 1028 2582 Lucretius
1049 2535 1073 2592 d,
1092 2535 1149 2581 240.
1166 2551 1288 2585 -rerum

228 2600 297 2661 pler:
315 2600 426 2661 primum,
443 2599 506 2663 quod
520 2608 600 2647 auctor
613 2600 742 2663 precipuus
774 2599 1022 2661 simulacrafemntur
1036 2599 1149 2658 Undique,
1161 2601 1221 2646 etin
1231 2614 1289 2647 cun-

228 2662 367 2713 fuaritGaea.
378 2663 544 2721 interficiendi3
561 2664 668 2722 alterum,
680 2663 743 2726 quod
774 2669 823 2710 tter
827 2665 954 2725 jaciuntur
970 2663 1045 2711 didita
1052 2669 1140 2723 portes.
1175 2662 1290 2726 Virgilius

178 2738 182 2745 ·
228 2726 253 2773 id
264 2727 333 2775 etiam
343 2728 421 2791 palam
435 2728 514 2775 tulerit
529 2728 554 2775 in
568 2727 690 2784 concione3
706 2727 743 2774 id·
774 2727 798 2784 a
812 2726 865 2775 1³2.
901 2726 1047 2787 cognatique
1053 2732 1143 2786 patrer,
1155 2733 1207 2773 tum
1217 2728 1289 2775 terrie

228 2806 340 2853 queuon
360 2791 555 2849 animadversum,
575 2792 632 2854 quia
648 2790 744 2839 Tacitus
775 2791 851 2837 antra
865 2790 937 2852 ferma
960 2792 1108 2851 Conjanncre
1134 2791 1185 2839 tibi.
1211 2791 1289 2840 Irrue.

229 2868 276 2907 nou
288 2854 355 2914 dixit,
367 2862 463 2904 necent.
497 2854 744 2906 Sedidnoneratne-
774 2854 813 2902 Sic
823 2853 937 2911 Fuernua,
948 2852 1036 2901 etms.
1049 2852 1289 2916 Gueliapmanu,

228 2932 297 2967 oeeee.
314 2919 387 2969 Eun.
433 2918 435 2921 ’
775 2926 798 2965 et
809 2917 859 2965 cod.
869 2918 932 2965 Flor.
945 2916 1008 2964 unde
1017 2924 1077 2963 recte
1086 2926 1212 2978 receptum.
1228 2918 1291 2966 Con·

262 2985 322 3032 Nou
332 2984 618 3047 cntimutreeconciouem]
634 2983 743 3033 Exacri-
774 2981 904 3029 funduntur
928 2980 979 3028 hec
999 2981 1068 3028 verba
1088 2994 1103 3026 a
1123 2980 1221 3030 librariis
1241 2996 1289 3030 nou

228 3046 356 3110 ptislegua,
367 3064 412 3097 uer
427 3052 562 3098 retinuisse
576 3050 682 3097 concione
693 3050 743 3096 Po·
774 3061 831 3093 raro.
851 3048 898 3109 Ap.
913 3044 997 3107 virgil
1014 3044 1071 3091 AEn.
1086 3046 1110 3097 7.
1128 3044 1181 3091 144.
1193 3060 1235 3107 pro
1253 3048 1290 3093 dt·

225 3114 281 3171 puli
296 3114 366 3161 Rem.
374 3115 460 3176 fitteri,
472 3116 626 3175 gloriamque.
660 3112 742 3170 idest,
775 3111 841 3158 duur
856 3110 911 3157 libri
926 3108 1036 3171 permulti
1049 3108 1152 3155 deditur.
1183 3108 1244 3157 Vide
1256 3109 1290 3157 ibi

228 3174 254 3223 iu
272 3178 386 3225 concione.
418 3177 490 3235 Quod
507 3186 585 3225 autern
604 3176 644 3236 ait,
662 3176 743 3239 preci·
774 3174 834 3222 viror
844 3173 929 3222 doctor.
940 3172 1014 3221 Ean.
1041 3170 1101 3221 cod.
1112 3171 1176 3219 Bud.
1188 3174 1290 3221 didttoa

229 3255 305 3302 puum
322 3249 448 3290 auctorem
472 3240 623 3288 interficiendi
648 3240 744 3287 Caesaria
775 3253 835 3286 nm.

195 3356 197 3361 ¹
228 3302 369 3363 Asiaticum,
380 3303 498 3351 addicitei
513 3306 598 3353 Seneca
610 3304 639 3351 de
654 3303 743 3351 Tren.
808 3302 1048 3365 Pronnnntntnn
1072 3298 1292 3361 AlterVaticpcr·

228 3368 254 3425 2,
266 3367 302 3414 18.
331 3319 743 3431 Earq‘eramquoeillumfflaiumb
771 3368 847 3427 pretii
856 3368 955 3414 baberet.
989 3364 1021 3412 N·
1040 3365 1046 3376 ’
1067 3363 1141 3421 dicio,
1168 3362 1216 3409 uod
1226 3371 1292 3409 ante·

228 3432 302 3479 extero
318 3432 448 3482 temnunt.-
468 3433 602 3480 Asiaticum
624 3432 744 3479 Valerium
775 3429 848 3479 ieram
859 3430 966 3493 vulgata.
983 3430 1057 3477 lurra.
1090 3379 1172 3491 Ripi

228 3497 256 3543 tn
262 3497 352 3555 primis
362 3498 444 3542 ambis
451 3497 551 3551 habebat,
553 3497 657 3558 ferocem
666 3496 746 3542 virum
772 3496 852 3557 pretio
859 3502 901 3541 eut
910 3508 985 3557 operoe
991 3494 1105 3554 pretium.

230 3566 252 3606 et
270 3560 312 3605 nic
324 3574 390 3620 aequc
399 3561 479 3607 animo
495 3562 582 3607 alienor
595 3560 745 3607 contumeliae
811 3559 964 3621 Critpinum]
977 3556 1040 3606 Vide
1049 3556 1079 3604 de
1088 3555 1132 3605 boc
1144 3556 1184 3612 12,
1194 3554 1234 3601 42.

231 3625 345 3671 lotarum.
379 3624 448 3671 Huic
468 3624 495 3669 in
513 3625 627 3680 convivio,
641 3625 698 3669 item
719 3624 746 3671 tn
810 3625 897 3683 Neque
918 3624 973 3670 deta
993 3623 1093 3670 smnus
1114 3620 1192 3683 eopia]
1217 3617 1294 3666 Inter-

231 3689 346 3748 ecnctone,
364 3687 442 3751 (forte,
457 3689 596 3747 cognitione,
614 3701 668 3735 cum
683 3686 747 3733 ride-
778 3686 873 3747 punctio
891 3686 985 3749 vulgatu
1007 3684 1101 3742 indicat,
1123 3698 1166 3747 pro
1186 3680 1293 3736 ablativis

230 3752 283 3799 iicet
293 3750 395 3801 aduenam
405 3752 426 3798 ei
437 3750 621 3813 consiliariusque
629 3750 746 3797 Asiaticus
777 3750 850 3812 accipi
865 3752 951 3799 verber
969 3748 1032 3813 quod
1048 3747 1091 3796 etsi
1107 3762 1154 3795 uon
1167 3746 1237 3809 plane
1251 3747 1294 3793 ab·

232 3814 301 3875 esset)
319 3817 521 3871 clarissimorum,
539 3815 746 3877 queitrinconeu-
777 3813 863 3869 horret,
887 3822 965 3862 temen
983 3812 1060 3877 potius
1086 3826 1129 3875 pro
1146 3808 1294 3859 nominativis

233 3883 283 3929 bita
293 3885 352 3927 erret
362 3895 422 3927 uuor
432 3884 490 3943 ejus,
504 3882 590 3943 objecit.
622 3880 659 3925 Di
671 3878 743 3924 boni!
778 3877 923 3951 accipienda:
943 3877 977 3925 ita
992 3885 1016 3925 et
1033 3874 1157 3939 elegantior
1175 3873 1255 3946 oratio,
1272 3878 1295 3918 et

232 3948 274 3993 hoc
288 3946 368 3991 cirum
383 3946 474 4005 audire,
487 3946 626 4005 Principem
641 3943 710 4000 rctre,
725 3947 748 3988 et
780 3941 862 3989 Tacito
872 3940 971 4003 dignior.
1003 3939 1294 4002 Eireiinterpunctroneru

232 4023 303 4070 arque
319 4023 344 4055 eo
361 4009 479 4055 licentiam
493 4009 635 4071 perventuro,
653 4012 680 4053 ut
702 4019 748 4053 non
779 4004 957 4053 accommodari.
975 4006 1047 4052 Ean.

234 4076 285 4121 dieo
308 4072 440 4127 contentari,
459 4089 506 4121 non
528 4074 579 4118 dico
603 4072 687 4128 amieo,
709 4070 749 4117 red
807 4062 1296 4130 Sutltocorruptiencmmilttum]siccod.

235 4143 326 4185 tantum
351 4138 446 4195 mrito,
472 4137 585 4197 Princepr
612 4140 644 4187 et¹
660 4134 750 4181 adulte·
780 4132 843 4181 Flor-
869 4133 949 4181 Guelf.
973 4132 1008 4179 ed.
1032 4148 1069 4195 pr.
1094 4128 1214 4177 Puteolan.
1240 4127 1295 4175 niv.

237 4204 300 4248 rium
310 4215 379 4247 uuum
394 4198 661 4263 mrretetsarttdinmt
689 4196 751 4245 Vide
780 4196 898 4256 Beroudi,
919 4196 1003 4244 Alciat.
1027 4195 1105 4242 Rbcn.
1125 4188 1182 4239 ala
1206 4189 1296 4254 (tryph.

238 4263 564 4327 JoeephumAnc19‚1,2o.
580 4263 655 4311 Iura.
686 4260 752 4309 Rhe-
782 4260 854 4309 Ean.
887 4261 950 4311 Item
960 4259 1023 4308 Bud

237 4340 313 4375 naum
329 4342 341 4374 e
357 4326 406 4375 cod.
425 4328 492 4383 Buri.
505 4328 596 4377 volebat
611 4326 752 4383 contemnere,
817 4317 1296 4385 Incmntflngttio11then.,malebattn

228 4388 301 4453 -quod
317 4398 351 4439 eet
370 4390 448 4459 edum·
461 4392 486 4443 iu
507 4392 541 4445 ed.
565 4390 651 4460 princ„
663 4388 754 4438 sublato
784 4402 850 4458 omne
858 4389 997 4452 flagitium,
1007 4392 1113 4447 utsupra
1124 4383 1154 4433 ed
1163 4384 1236 4430 eretur
1247 4397 1297 4429 eor·

1168 3441 1235 3475 orma
1243 3440 1292 3489 pre
