3042 4950
206 220 264 278 roo
631 215 863 275 truttmunt
913 235 915 241 ·
1108 212 1271 285 [saara.

189 370 191 374 ¹
213 378 364 445 convivali
378 379 468 454 lecto,
482 390 514 442 et
527 379 681 464 exsequiis
695 376 827 442 vilibus:
851 397 963 461 neque,
978 375 1054 439 dum
1070 375 1156 439 Nero
1170 394 1273 437 rerum

213 465 403 552 potiebatur,
422 477 566 549 congesta
585 474 641 526 aut
661 462 765 526 clausa
786 462 919 525 humus:
943 482 1017 525 mox
1036 458 1275 530 domesticorum

216 572 301 626 cura,
317 548 415 612 levem
430 546 589 613 tumulum
606 547 733 695 accepit,
748 546 830 611 viam
846 544 962 643 Miseni
974 558 1112 643 propter,
1127 556 1158 607 et
1170 540 1275 605 villam

217 634 349 699 Caesaris
363 632 543 710 Dictatoris,
554 656 627 718 quse
642 655 678 695 su
699 632 802 717 jectos
814 632 899 695 sinus
909 628 1076 694 editissima
1089 637 1281 728 prospectat:
1317 652 1320 661 ¹

218 721 361 783 Accenso
378 741 455 805 rogo
472 717 602 781 libertus
618 718 697 803 ejus,
716 728 921 801 cognomento
940 716 1091 794 Mnester,
1111 736 1176 801 ipse
1192 712 1276 808 ferro

217 828 249 869 se
268 804 436 901 transegit3
459 803 611 866 incertum
630 800 756 865 caritate
775 799 808 863 in
828 812 1001 886 pauonem,
1020 822 1060 863 an
1080 814 1164 863 metu
1179 796 1277 861 exitii.

217 891 316 953 Hunc
333 911 381 952 sur
395 889 487 951 finem
505 885 621 950 multos
638 898 709 949 ante
722 907 819 949 annos
836 884 1008 949 crediderat
1017 883 1194 970 Agrippina
1206 902 1279 945 oern-

220 988 283 1038 tem
339 983 467 1057 ratque:
503 992 583 1034 nam-
599 969 769 1034 cousuleuti
789 992 881 1055 super
902 970 1038 1047 Nerone,
1053 966 1277 1054 responderunt
1351 1017 1353 1022 ,

221 1058 250 1122 C
302 1050 372 1133 daei,
396 1056 498 1120 “fore
517 1070 554 1119 ut
572 1056 738 1141 imperaret
758 1069 951 1140 matremque
972 1054 1123 1119 occideret
1135 1053 1162 1115 :'’
1184 1065 1278 1137 atque

219 1141 283 1219 illa,
300 1148 321 1179 ‘⁶
337 1140 496 1219 occidant
511 1140 623 1225 inquit,
640 1146 662 1178 “
675 1139 752 1203 dum
766 1139 925 1225 imperet.”
1271 1156 1282 1189 ι

223 1259 227 1264 ·
264 1227 310 1289 Χ.
327 1225 389 1289 Sed
403 1226 567 1303 a‘Caesare,
582 1225 719 1310 perfeeto
733 1224 859 1287 demum
878 1223 998 1303 scelere,
1012 1222 1196 1309 magnitudo
1210 1220 1279 1307 ejus

221 1309 375 1375 intellecta
387 1325 443 1373 est.
467 1309 604 1394 Reliquo
614 1309 723 1386 noetis,
733 1308 826 1371 modo
840 1331 895 1393 per
910 1308 1062 1374 silentium
1078 1307 1208 1383 defixus,
1224 1326 1279 1368 sae-

221 1395 292 1481 pius
311 1418 426 1481 pavore
444 1416 614 1479 exsurgens
634 1406 666 1456 et
684 1392 796 1456 mentis
814 1393 913 1478 inops,
928 1393 1029 1456 lucem
1049 1391 1278 1477 opperiebatur,

222 1494 382 1566 tamquam
403 1478 533 1541 exitium
555 1477 738 1541 adlaturam.
782 1477 891 1563 Atque
912 1500 995 1555 eum,
1018 1491 1143 1541 auctore
1165 1478 1278 1550 Burro,

222 1564 323 1649 prima
335 1561 561 1626 Centuriouum
576 1562 853 1647 Tribuuorumque
867 1562 1005 1626 adulatio
1019 1561 1059 1625 ad
1078 1582 1163 1647 spem
1178 1560 1280 1623 firma-
1303 1582 1307 1589 ’

222 1648 279 1724 vit,
292 1647 504 1734 prensantium
517 1668 612 1711 manu
625 1647 889 1745 gratantiumque,
913 1654 934 1685 “
949 1646 1034 1732 quod
1050 1645 1212 1709 discrimen
1233 1642 1280 1705 in-

224 1732 383 1819 provisum
405 1745 435 1796 et
456 1734 563 1795 matris
583 1732 703 1795 famuus
724 1731 896 1795 evasisset.’'
937 1731 1042 1794 Amici
1063 1730 1174 1795 dehinc
1195 1727 1280 1792 adire

224 1815 350 1912 templa,
372 1831 413 1893 et,
435 1828 537 1901 coepto
565 1816 717 1902 exemplo,
740 1817 883 1901 proxima
909 1816 1088 1901 Campaniae
1112 1812 1280 1898 municipia

223 1901 356 1964 victimis
370 1912 401 1963 et
415 1900 619 1985 legationibus
632 1899 770 1964 laetitiam
786 1902 890 1965 testari
904 1927 910 1959 :
932 1902 1008 1989 ipse,
1024 1901 1145 1964 diversa
1157 1898 1280 1963 simula-

227 2083 311 2134 enos.
339 2085 401 2133 Add
418 2086 482 2134 Suet.
502 2087 559 2135 Ner.
576 2087 617 2133 34.
636 2101 678 2150 pro
696 2089 737 2134 ad-
768 2086 835 2135 dente
856 2087 952 2150 impetu,
975 2088 1032 2135 veris
1051 2102 1106 2134 mox
1125 2084 1203 2148 pretiis
1221 2084 1281 2131 esti·

224 2153 325 2209 speaerit
336 2150 420 2197 frasne
434 2152 522 2199 anneus
536 2150 621 2212 Ryckii
633 2151 737 2210 irupem-
768 2165 867 2199 marnus.
883 2153 961 2199 Aures
971 2164 1063 2215 gnome,
1072 2158 1195 2211 sumptane
1204 2148 1281 2196 altde-

225 2214 266 2259 rit.
295 2213 461 2261 Nemetillud
472 2228 514 2277 pro
524 2215 635 2274 inspicere
645 2213 736 2261 dieitur.
768 2214 877 2263 nandro?
895 2224 954 2263 certe
971 2216 1000 2261 ab
1018 2212 1059 2262 illo
1078 2222 1145 2261 antea
1162 2214 1194 2261 sic
1213 2210 1280 2271 elsts,

226 2274 257 2322 V.
269 2276 545 2331 Drakenb.ad11iv.⁴l2‚
557 2281 580 2323 5.
613 2277 680 2325 Ean.
714 2280 718 2287 '
769 2277 832 2324 aud
853 2278 971 2325 Stobaeum
993 2277 1067 2325 Serm.
1088 2279 1110 2324 4.
1144 2276 1216 2328 οὐδεὶς
1235 2277 1282 2334 ξύν-

260 2341 384 2388 Convivali
398 2340 465 2405 lecto]
480 2341 542 2389 Mox
552 2339 651 2399 funebri,
666 2349 690 2387 et
703 2341 736 2387 le·
769 2293 819 2384 oller
830 2342 991 2401 ἐξαμαρτάνων,
998 2341 1064 2386 πόσον
1072 2340 1203 2399 ‘atrapatinse
1211 2338 1236 2383 si
1243 2338 1283 2396 μί-

225 2402 306 2465 glllme
322 2413 408 2466 paralo-
439 2404 514 2452 Isles.
539 2403 679 2451 ‘Moxreete
689 2403 738 2450 edi-
769 2402 941 2461 yriewl'wpev
957 2402 972 2447 δ’
989 2405 1033 2465 ὁρᾷ.
1067 2403 1138 2449 LlPs.
1174 2402 1282 2462 Reliqua,

226 2477 265 2514 tur
275 2468 361 2515 hamas
371 2483 384 2514 e
396 2466 451 2516 MS.
463 2467 525 2517 Flor.
541 2483 556 2515 a
569 2474 588 2515 Ι.
599 2483 631 2514 m.
643 2481 738 2515 cousen-
770 2464 833 2526 quod
854 2481 878 2513 se
899 2464 1031 2514 emendasse
1051 2466 1084 2514 ait
1094 2466 1238 2524 Rhenanus,
1258 2468 1283 2528 (e

225 2531 297 2579 tieute
310 2532 345 2578 ed.
357 2547 393 2594 pr.
404 2535 488 2579 Hamo
502 2532 591 2595 primos
603 2531 674 2579 edidit
689 2530 739 2578 Pu·
771 2528 847 2590 Bud.)
859 2532 951 2589 estjam
962 2530 986 2577 in
997 2531 1032 2578 ed.
1044 2547 1079 2593 pr.
1097 2531 1168 2579 Eun.
1192 2529 1283 2578 Puteal.

226 2595 336 2642 teolauus.
371 2595 537 2655 (SicetBud.)
550 2594 739 2642 Noneuimhase
771 2595 893 2656 retusam.
1017 2622 1019 2627 ·
1192 2645 1193 2648 Ἴ

225 2658 327 2719 pendent
337 2674 352 2705 a
365 2659 486 2721 prioribus,
497 2673 539 2706 nec
553 2659 686 2706 ullomodo
699 2672 739 2720 per
806 2661 936 2718 Tamquam
955 2661 1054 2706 esitium
1069 2659 1205 2720 araturam]
1224 2657 1284 2706 Bar-

226 2720 376 2769 Iatinitatem
390 2722 428 2770 hic
443 2723 557 2771 ablativus
569 2723 647 2770 locum
661 2722 737 2770 babet.
771 2722 833 2770 thius
843 2724 934 2769 eastum
944 2723 960 2768 i.
972 2739 993 2771 e.
1004 2723 1073 2769 finem
1084 2723 1193 2774 moeroria.
1208 2724 1284 2782 Quasi

226 2785 292 2833 Ean.
771 2800 818 2835 non
829 2795 877 2834 tarn
892 2786 990 2834 tristium
1006 2786 1133 2848 expectatio
1147 2795 1251 2851 torqueat
1261 2798 1285 2836 et

260 2851 347 2896 Lenem
368 2853 498 2914 tumulum]
524 2851 646 2914 Hodieque
666 2851 690 2897 in
712 2865 740 2897 es
772 2849 864 2910 cruciet,
876 2865 947 2912 quam
959 2850 1063 2897 laetorum
1075 2849 1176 2898 delectat.
1203 2852 1284 2899 Petro·

226 2912 455 2976 regionesepulcrum
463 2914 739 2978 Agrippinaeosteuditur.
773 2914 856 2962 niusc.
872 2916 926 2961 lan.
957 2915 1004 2962 Dii
1017 2917 1126 2974 Deaeque,
1139 2930 1214 2974 ,quum
1225 2918 1285 2962 mole

227 2978 356 3038 Supersunt
365 2988 389 3024 et
398 2978 481 3025 rudera
491 2978 552 3026 villae
562 2978 665 3026 casaris.
772 2985 806 3026 est
823 2985 890 3026 estro
909 2981 983 3039 legem
1002 2980 1150 3025 uiuentibus!
1174 2981 1284 3040 quiequid

263 3041 320 3093 Qua
337 3042 446 3103 subjm
461 3041 539 3102 naas]
555 3043 617 3104 Apte
632 3041 740 3089 adhunc
772 3049 1023 3102 marcomannorum
1041 3049 1168 3104 emerant.
1199 3045 1285 3091 Seneca

228 3104 306 3150 locum
316 3104 402 3155 Seneca
412 3105 528 3168 epistol.
566 3109 594 3154 C.
608 3107 739 3154 Marsua
772 3121 808 3169 ep.
824 3107 877 3154 105.
910 3108 962 3153 Dat
976 3108 1067 3164 Pressas,
1080 3107 1184 3166 quisquis
1194 3121 1285 3168 exspec-

230 3169 276 3215 Ca.
292 3169 420 3229 Pompeias
435 3177 458 3217 et
476 3171 558 3218 Cesar
574 3176 740 3217 exstruxerunt
771 3177 806 3216 tar
814 3187 821 3228 ,¹
840 3172 945 3232 qouque
960 3177 1037 3218 ostem
1053 3171 1147 3224 meruit,
1163 3177 1283 3231 exspectat.

226 3233 321 3292 quidem
337 3233 406 3278 villas
422 3235 448 3280 in
466 3236 559 3295 regione
577 3235 681 3292 Baiano,
701 3234 741 3280 sed
773 3233 864 3282 Giton.

229 3297 282 3342 illus
298 3296 459 3356 imposuerant
474 3299 574 3345 mnemia
584 3299 656 3359 jugis
673 3311 739 3344 aron·
805 3301 974 3348 Praeteritum
996 3297 1079 3358 manu]
1107 3299 1145 3347 Sic
1171 3298 1285 3346 edidimus

228 3360 299 3406 tium.
334 3362 461 3408 Videbatur
476 3362 518 3408 hoc
534 3363 613 3422 nugis
627 3361 739 3418 militare,
773 3362 973 3410 stimuleum
988 3361 1038 3408 aliis
1053 3363 1077 3408 in
1092 3362 1149 3410 locis
1164 3361 1239 3410 Taciti
1253 3363 1286 3410 sic

228 3423 742 3486 eaedliospeculnriloagelatequemffcta.
773 3427 830 3473 site
846 3427 912 3474 bonis
928 3425 999 3474 libris.
1032 3424 1063 3471 V.
1081 3426 1110 3472 ad
1128 3427 1190 3474 Hist.
1207 3431 1229 3485 1,
1245 3427 1284 3474 36.

155 3543 157 3550 Ι
229 3486 306 3534 Ltus.
774 3490 812 3536 66.
835 3491 875 3537 ubi
897 3499 975 3536 tamen
998 3489 1037 3537 alii
1057 3491 1205 3551 prehensam.
1238 3490 1284 3538 Sed

261 3553 315 3611 Ipse
319 3551 390 3614 ferro
400 3567 423 3600 se
434 3553 478 3618 ta]
490 3555 521 3600 Se
530 3554 594 3600 abest
608 3567 622 3599 a
633 3551 687 3599 MS.
700 3553 738 3598 ΡΙ.
773 3569 832 3616 sepe
846 3553 889 3601 hoc
899 3554 934 3600 illi
949 3553 1100 3608 substituitur,
1113 3554 1284 3618 corrigiturque.

228 3614 342 3676 etedpr.
355 3631 408 3677 quas
422 3626 445 3663 et
458 3616 529 3664 habet
543 3619 601 3676 ipso.
634 3616 704 3678 Unde
713 3616 739 3663 J.
773 3615 804 3664 V.
825 3616 943 3666 Drakenb.
967 3617 995 3664 ad
1019 3617 1071 3664 lsiv.
1098 3618 1177 3674 1‚47.
1199 3618 1221 3672 4,
1243 3620 1283 3664 48.

228 3678 359 3726 Gronovius
374 3679 483 3740 conjicit:
504 3687 652 3740 cognomento
668 3681 741 3727 Mae·
773 3689 814 3729 etc.
848 3680 915 3728 Certe
929 3682 953 3727 in
969 3681 1023 3728 MS.
1041 3681 1136 3728 Flenct
1151 3681 1186 3728 ed.
1203 3697 1238 3744 pr.
1251 3689 1285 3728 est

228 3743 305 3801 eteris,
323 3756 347 3788 se
355 3742 380 3804 fi
396 3749 413 3790 t.
428 3751 469 3790 aut
483 3745 503 3789 is
518 3758 542 3789 se
551 3744 622 3805 serre
634 3751 665 3789 tr.
681 3743 740 3790 illud
769 3759 883 3806 pressure,
894 3745 956 3808 quod
968 3753 1010 3804 est,
1023 3753 1049 3791 ut
1060 3746 1149 3806 opinor,
1161 3760 1204 3808 pro
1212 3761 1283 3806 press-

227 3805 319 3865 melius,
342 3805 381 3853 sed
406 3815 483 3853 nmen
508 3820 554 3862 non
580 3807 740 3854 neeessarium.
773 3824 841 3865 sare,-
861 3824 915 3857 nam
933 3809 1002 3856 etiam
1021 3809 1053 3857 sie
1070 3809 1170 3856 variatur
1187 3809 1248 3858 nist.
1262 3811 1284 3864 l,

229 3869 315 3916 Putem
327 3870 375 3929 ipse
385 3884 415 3918 se.
432 3871 496 3917 Nam
507 3885 530 3916 se
540 3885 599 3931 saepe
609 3871 641 3917 ita
649 3870 740 3918 excidit.
773 3874 813 3920 36.
847 3873 919 3920 Porro
940 3872 1046 3920 dedimus
1068 3889 1096 3920 ex
1118 3873 1199 3921 iisdem
1219 3874 1284 3920 libris

229 3932 422 3996 Sicl3‚46.pro
432 3949 478 3980 esse
485 3948 517 3991 ee,
526 3933 580 3980 MS.
590 3934 669 3980 Guelt'.
678 3948 740 3980 esse.-
773 3952 851 3984 mnu.
885 3937 949 3984 Nam
966 3937 1078 3985 ablativus
1093 3937 1117 3984 in
1131 3936 1284 3984 hacfonnuls

228 4006 252 4043 et
262 3996 318 4043 alibi
327 3997 411 4045 centies
420 3998 445 4044 in
455 3997 520 4046 libris
530 4013 572 4045 scr.
588 3996 659 4045 Ean.
677 3996 739 4047 Bud·
771 4001 840 4048 etiam
851 4001 867 4046 l.
879 4001 895 4046 l.
906 4017 926 4048 c.
935 4015 954 4047 e.
982 4002 1176 4048 Preheasantiam
1188 4015 1284 4047 suanum

227 4062 390 4122 ipseserrose.
691 4101 694 4104 .
771 4065 859 4127 primus
872 4063 943 4110 edidit
958 4064 1106 4120 Puteolanus,
1118 4079 1189 4126 quem
1204 4078 1285 4112 omnes

259 4125 339 4183 Atque
349 4125 400 4184 illo]
413 4124 496 4173 Heius.
508 4127 539 4171 ad
549 4127 657 4186 qreaeillm
772 4129 922 4183 secutisunt3
941 4137 963 4174 et
974 4127 1006 4174 sic
1016 4139 1050 4174 est
1064 4129 1087 4174 in
1100 4127 1179 4174 Guelf.
1211 4128 1282 4175 Ean.

240 4247 245 4257 ·
261 4183 370 4249 Perfieto
378 4191 470 4236 densam
481 4189 573 4249 scelere]
583 4187 620 4238 Ita
630 4191 673 4236 sit:
688 4206 739 4239 ciir-
771 4192 809 4238 Sic
821 4200 842 4240 et
856 4191 880 4237 in
893 4191 955 4238 Flos,
967 4189 1026 4238 Ven.
1043 4199 1065 4240 et
1079 4193 1161 4254 probat
1175 4191 1282 4240 Piehena.

225 4262 299 4297 rimus
317 4251 347 4299 ad
366 4253 438 4303 metus
455 4252 590 4316 precipites,
613 4255 685 4316 quod,
704 4269 738 4303 ss·
771 4255 834 4304 Bud.
841 4258 1000 4318 prensantium
1016 4271 1120 4304 marum.
1132 4255 1189 4319 Agr.
1203 4271 1281 4304 eimau.
