<?xml version="1.0" encoding="UTF-8"?>
<!DOCTYPE html PUBLIC "-//W3C//DTD XHTML 1.0 Transitional//EN"
    "http://www.w3.org/TR/xhtml1/DTD/xhtml1-transitional.dtd">
<html xmlns="http://www.w3.org/1999/xhtml" xml:lang="en" lang="en">
 <head>
  <title>
</title>
<meta http-equiv="Content-Type" content="text/html;charset=utf-8" />
  <meta name='ocr-system' content='tesseract 3.04.00' />
  <meta name='ocr-capabilities' content='ocr_page ocr_carea ocr_par ocr_line ocrx_word'/>
</head>
<body>
  <div class='ocr_page' id='page_1' title='image "./ccorneliitaciti01grongoog/ccorneliitaciti01grongoog_0261.png"; bbox 0 0 3042 4950; ppageno 0'>
   <div class='ocr_carea' id='block_1_1' title="bbox 195 224 1260 300">
    <p class='ocr_par' dir='ltr' id='par_1_1' title="bbox 195 224 1260 300">
     <span class='ocr_line' id='line_1_1' title="bbox 195 224 1260 300; baseline 0.001 -14"><span class='ocrx_word' id='word_1_1' title='bbox 195 244 230 286; x_wconf 73' lang='lat' dir='ltr'>r.</span> <span class='ocrx_word' id='word_1_2' title='bbox 244 241 271 284; x_wconf 83' lang='lat' dir='ltr'>c.</span> <span class='ocrx_word' id='word_1_3' title='bbox 284 228 346 300; x_wconf 77' lang='lat' dir='ltr'>ca]</span> <span class='ocrx_word' id='word_1_4' title='bbox 571 224 651 284; x_wconf 82' lang='lat' dir='ltr'>mn.</span> <span class='ocrx_word' id='word_1_5' title='bbox 671 224 755 283; x_wconf 81' lang='lat' dir='ltr'>xrv.</span> <span class='ocrx_word' id='word_1_6' title='bbox 775 224 857 284; x_wconf 79' lang='lat' dir='ltr'>cnr.</span> <span class='ocrx_word' id='word_1_7' title='bbox 870 228 918 286; x_wconf 77' lang='lat' dir='ltr'>cr.</span> <span class='ocrx_word' id='word_1_8' title='bbox 1203 230 1260 287; x_wconf 77' lang='lat' dir='ltr'>ass</span> 
     </span>
    </p>
   </div>
   <div class='ocr_carea' id='block_1_2' title="bbox 195 381 1308 1835">
    <p class='ocr_par' dir='ltr' id='par_1_2' title="bbox 195 381 1308 1835">
     <span class='ocr_line' id='line_1_2' title="bbox 195 381 1262 471; baseline -0.001 -17"><span class='ocrx_word' id='word_1_9' title='bbox 195 399 365 454; x_wconf 84' lang='lat' dir='ltr'>memorat:</span> <span class='ocrx_word' id='word_1_10' title='bbox 388 386 553 471; x_wconf 70' lang='lat' dir='ltr'>insciisque</span> <span class='ocrx_word' id='word_1_11' title='bbox 564 387 755 451; x_wconf 74' lang='lat' dir='ltr'><strong>Pandataria</strong></span> <span class='ocrx_word' id='word_1_12' title='bbox 768 387 935 453; x_wconf 70' lang='lat' dir='ltr'>Octavim</span> <span class='ocrx_word' id='word_1_13' title='bbox 945 387 1073 455; x_wconf 75' lang='lat' dir='ltr'>claudit.</span> <span class='ocrx_word' id='word_1_14' title='bbox 1117 390 1191 453; x_wconf 90' lang='lat' dir='ltr'>Non</span> <span class='ocrx_word' id='word_1_15' title='bbox 1201 381 1262 454; x_wconf 86' lang='lat' dir='ltr'>alia</span> 
     </span>
     <span class='ocr_line' id='line_1_3' title="bbox 195 470 1262 559; baseline 0 -21"><span class='ocrx_word' id='word_1_16' title='bbox 195 474 287 539; x_wconf 84' lang='lat' dir='ltr'>exsul</span> <span class='ocrx_word' id='word_1_17' title='bbox 298 472 466 537; x_wconf 81' lang='lat' dir='ltr'>visentium</span> <span class='ocrx_word' id='word_1_18' title='bbox 485 470 591 535; x_wconf 83' lang='lat' dir='ltr'>oculos</span> <span class='ocrx_word' id='word_1_19' title='bbox 611 472 731 559; x_wconf 75' lang='lat' dir='ltr'>majore</span> <span class='ocrx_word' id='word_1_20' title='bbox 751 472 959 536; x_wconf 69' lang='lat' dir='ltr'>misericordia</span> <span class='ocrx_word' id='word_1_21' title='bbox 980 474 1105 539; x_wconf 78' lang='lat' dir='ltr'>adfecit.</span> <span class='ocrx_word' id='word_1_22' title='bbox 1148 474 1262 541; x_wconf 78' lang='lat' dir='ltr'>Memi-</span> 
     </span>
     <span class='ocr_line' id='line_1_4' title="bbox 196 554 1264 644; baseline 0.004 -21"><span class='ocrx_word' id='word_1_23' title='bbox 196 575 307 623; x_wconf 82' lang='lat' dir='ltr'><strong>nerant</strong></span> <span class='ocrx_word' id='word_1_24' title='bbox 319 557 424 621; x_wconf 87' lang='lat' dir='ltr'>adbuc</span> <span class='ocrx_word' id='word_1_25' title='bbox 436 554 566 641; x_wconf 89' lang='lat' dir='ltr'>quidam</span> <span class='ocrx_word' id='word_1_26' title='bbox 580 560 614 621; x_wconf 94' lang='lat' dir='ltr'>A</span> <span class='ocrx_word' id='word_1_27' title='bbox 653 557 779 644; x_wconf 85' lang='lat' dir='ltr'>&#39;ppinae,</span> <span class='ocrx_word' id='word_1_28' title='bbox 793 578 814 620; x_wconf 89' lang='lat' dir='ltr'>a</span> <span class='ocrx_word' id='word_1_29' title='bbox 828 556 979 631; x_wconf 76' lang='lat' dir='ltr'>Tibc1i03</span> <span class='ocrx_word' id='word_1_30' title='bbox 1002 559 1155 623; x_wconf 76' lang='lat' dir='ltr'>recentior</span> <span class='ocrx_word' id='word_1_31' title='bbox 1167 561 1190 623; x_wconf 86' lang='lat' dir='ltr'><strong>J</strong></span> <span class='ocrx_word' id='word_1_32' title='bbox 1192 560 1264 629; x_wconf 80' lang='lat' dir='ltr'>ulica</span> 
     </span>
     <span class='ocr_line' id='line_1_5' title="bbox 197 638 1264 728; baseline 0.001 -21"><span class='ocrx_word' id='word_1_33' title='bbox 197 643 347 707; x_wconf 90' lang='lat' dir='ltr'>memoria</span> <span class='ocrx_word' id='word_1_34' title='bbox 361 641 594 719; x_wconf 82' lang='lat' dir='ltr'>obversabatur,</span> <span class='ocrx_word' id='word_1_35' title='bbox 638 642 745 707; x_wconf 83' lang='lat' dir='ltr'>laudio</span> <span class='ocrx_word' id='word_1_36' title='bbox 759 642 868 728; x_wconf 85' lang='lat' dir='ltr'>pulsae.</span> <span class='ocrx_word' id='word_1_37' title='bbox 902 641 967 706; x_wconf 82' lang='lat' dir='ltr'>Sed</span> <span class='ocrx_word' id='word_1_38' title='bbox 980 638 1042 706; x_wconf 86' lang='lat' dir='ltr'>illis</span> <span class='ocrx_word' id='word_1_39' title='bbox 1054 645 1154 708; x_wconf 88' lang='lat' dir='ltr'>robur</span> <span class='ocrx_word' id='word_1_40' title='bbox 1165 644 1264 709; x_wconf 80' lang='lat' dir='ltr'>aetatis</span> 
     </span>
     <span class='ocr_line' id='line_1_6' title="bbox 199 725 1264 813; baseline 0.001 -21"><span class='ocrx_word' id='word_1_41' title='bbox 199 728 345 792; x_wconf 74' lang='lat' dir='ltr'>adfuerat</span> <span class='ocrx_word' id='word_1_42' title='bbox 358 751 365 789; x_wconf 91' lang='lat'>:</span> <span class='ocrx_word' id='word_1_43' title='bbox 389 726 462 789; x_wconf 79' lang='lat' dir='ltr'>loeta</span> <span class='ocrx_word' id='word_1_44' title='bbox 475 725 581 813; x_wconf 84' lang='lat' dir='ltr'>aliqua</span> <span class='ocrx_word' id='word_1_45' title='bbox 601 727 754 806; x_wconf 90' lang='lat' dir='ltr'>videraut,</span> <span class='ocrx_word' id='word_1_46' title='bbox 777 739 809 791; x_wconf 90' lang='lat' dir='ltr'>et</span> <span class='ocrx_word' id='word_1_47' title='bbox 829 740 1015 813; x_wconf 72' lang='lat' dir='ltr'>praesentem</span> <span class='ocrx_word' id='word_1_48' title='bbox 1037 728 1187 793; x_wconf 81' lang='lat' dir='ltr'>saevitiam</span> <span class='ocrx_word' id='word_1_49' title='bbox 1200 752 1264 793; x_wconf 86' lang='lat' dir='ltr'>me-</span> 
     </span>
     <span class='ocr_line' id='line_1_7' title="bbox 199 811 1266 901; baseline 0.002 -26"><span class='ocrx_word' id='word_1_50' title='bbox 199 812 284 876; x_wconf 89' lang='lat' dir='ltr'>lioris</span> <span class='ocrx_word' id='word_1_51' title='bbox 297 812 373 875; x_wconf 92' lang='lat' dir='ltr'>olim</span> <span class='ocrx_word' id='word_1_52' title='bbox 391 811 528 876; x_wconf 75' lang='lat' dir='ltr'>fortune</span> <span class='ocrx_word' id='word_1_53' title='bbox 549 813 769 877; x_wconf 83' lang='lat' dir='ltr'>recordatione.</span> <span class='ocrx_word' id='word_1_54' title='bbox 780 812 976 876; x_wconf 85' lang='lat' dir='ltr'>adlevabant.</span> <span class='ocrx_word' id='word_1_55' title='bbox 1020 813 1108 877; x_wconf 92' lang='lat' dir='ltr'>Huic</span> <span class='ocrx_word' id='word_1_56' title='bbox 1128 813 1266 901; x_wconf 84' lang='lat' dir='ltr'>primurn</span> 
     </span>
     <span class='ocr_line' id='line_1_8' title="bbox 197 896 1308 994; baseline 0.002 -33"><span class='ocrx_word' id='word_1_57' title='bbox 197 897 383 994; x_wconf 80' lang='lat' dir='ltr'>nuptiarum</span> <span class='ocrx_word' id='word_1_58' title='bbox 397 896 465 960; x_wconf 87' lang='lat' dir='ltr'>dies</span> <span class='ocrx_word' id='word_1_59' title='bbox 477 896 547 961; x_wconf 90' lang='lat' dir='ltr'>loco</span> <span class='ocrx_word' id='word_1_60' title='bbox 560 897 679 961; x_wconf 84' lang='lat' dir='ltr'>funeris</span> <span class='ocrx_word' id='word_1_61' title='bbox 692 898 766 977; x_wconf 85' lang='lat' dir='ltr'>fuit,</span> <span class='ocrx_word' id='word_1_62' title='bbox 788 898 932 962; x_wconf 86' lang='lat' dir='ltr'>deductae</span> <span class='ocrx_word' id='word_1_63' title='bbox 945 898 979 961; x_wconf 90' lang='lat' dir='ltr'>in</span> <span class='ocrx_word' id='word_1_64' title='bbox 993 898 1132 978; x_wconf 87' lang='lat' dir='ltr'>domum,</span> <span class='ocrx_word' id='word_1_65' title='bbox 1154 899 1189 961; x_wconf 91' lang='lat' dir='ltr'>in</span> <span class='ocrx_word' id='word_1_66' title='bbox 1201 920 1266 984; x_wconf 89' lang='lat' dir='ltr'>qua</span> <span class='ocrx_word' id='word_1_67' title='bbox 1306 932 1308 937; x_wconf 96' lang='lat'>·</span> 
     </span>
     <span class='ocr_line' id='line_1_9' title="bbox 198 982 1266 1070; baseline 0 -23"><span class='ocrx_word' id='word_1_68' title='bbox 198 982 277 1047; x_wconf 78' lang='lat' dir='ltr'>nibil</span> <span class='ocrx_word' id='word_1_69' title='bbox 299 982 359 1046; x_wconf 90' lang='lat' dir='ltr'>nisi</span> <span class='ocrx_word' id='word_1_70' title='bbox 379 982 557 1046; x_wconf 88' lang='lat' dir='ltr'>luctuosum</span> <span class='ocrx_word' id='word_1_71' title='bbox 577 982 716 1061; x_wconf 85' lang='lat' dir='ltr'>haberet,</span> <span class='ocrx_word' id='word_1_72' title='bbox 743 994 850 1068; x_wconf 88' lang='lat' dir='ltr'>erepto</span> <span class='ocrx_word' id='word_1_73' title='bbox 894 1006 928 1047; x_wconf 89' lang='lat' dir='ltr'>er</span> <span class='ocrx_word' id='word_1_74' title='bbox 948 1004 1103 1047; x_wconf 89' lang='lat' dir='ltr'>venenum</span> <span class='ocrx_word' id='word_1_75' title='bbox 1126 994 1215 1070; x_wconf 73' lang='lat' dir='ltr'>patre</span> <span class='ocrx_word' id='word_1_76' title='bbox 1233 996 1266 1047; x_wconf 91' lang='lat' dir='ltr'>et</span> 
     </span>
     <span class='ocr_line' id='line_1_10' title="bbox 199 1067 1266 1156; baseline -0.002 -23"><span class='ocrx_word' id='word_1_77' title='bbox 199 1068 306 1133; x_wconf 82' lang='lat' dir='ltr'>statim</span> <span class='ocrx_word' id='word_1_78' title='bbox 322 1069 436 1131; x_wconf 86' lang='lat' dir='ltr'>fratre:</span> <span class='ocrx_word' id='word_1_79' title='bbox 459 1079 530 1131; x_wconf 90' lang='lat' dir='ltr'>tum</span> <span class='ocrx_word' id='word_1_80' title='bbox 550 1067 661 1131; x_wconf 87' lang='lat' dir='ltr'>ancilla</span> <span class='ocrx_word' id='word_1_81' title='bbox 681 1068 809 1132; x_wconf 90' lang='lat' dir='ltr'>domina</span> <span class='ocrx_word' id='word_1_82' title='bbox 830 1091 850 1130; x_wconf 90' lang='lat' dir='ltr'>v</span> <span class='ocrx_word' id='word_1_83' title='bbox 882 1067 978 1131; x_wconf 76' lang='lat' dir='ltr'>&#39;diorz</span> <span class='ocrx_word' id='word_1_84' title='bbox 1002 1082 1034 1132; x_wconf 87' lang='lat' dir='ltr'>et</span> <span class='ocrx_word' id='word_1_85' title='bbox 1048 1070 1188 1156; x_wconf 88' lang='lat' dir='ltr'>Poppaea</span> <span class='ocrx_word' id='word_1_86' title='bbox 1201 1090 1266 1133; x_wconf 90' lang='lat' dir='ltr'>uon</span> 
     </span>
     <span class='ocr_line' id='line_1_11' title="bbox 199 1151 1267 1250; baseline 0.002 -33"><span class='ocrx_word' id='word_1_87' title='bbox 199 1154 260 1217; x_wconf 89' lang='lat' dir='ltr'>uisi</span> <span class='ocrx_word' id='word_1_88' title='bbox 274 1153 309 1250; x_wconf 78' lang='lat' dir='ltr'>in</span> <span class='ocrx_word' id='word_1_89' title='bbox 322 1152 488 1240; x_wconf 88' lang='lat' dir='ltr'>perniciem</span> <span class='ocrx_word' id='word_1_90' title='bbox 502 1151 610 1218; x_wconf 84' lang='lat' dir='ltr'>uxoris</span> <span class='ocrx_word' id='word_1_91' title='bbox 623 1163 742 1239; x_wconf 85' lang='lat' dir='ltr'>nupta:</span> <span class='ocrx_word' id='word_1_92' title='bbox 766 1164 924 1239; x_wconf 88' lang='lat' dir='ltr'>postremo</span> <span class='ocrx_word' id='word_1_93' title='bbox 938 1152 1054 1217; x_wconf 88' lang='lat' dir='ltr'>crimen</span> <span class='ocrx_word' id='word_1_94' title='bbox 1068 1156 1153 1218; x_wconf 89' lang='lat' dir='ltr'>omni</span> <span class='ocrx_word' id='word_1_95' title='bbox 1171 1153 1267 1219; x_wconf 86' lang='lat' dir='ltr'>exitio</span> 
     </span>
     <span class='ocr_line' id='line_1_12' title="bbox 224 1261 340 1302; baseline -0.009 0"><span class='ocrx_word' id='word_1_96' title='bbox 224 1261 340 1302; x_wconf 85' lang='lat' dir='ltr'>ravrus.</span> 
     </span>
     <span class='ocr_line' id='line_1_13' title="bbox 200 1262 1268 1406; baseline 0.007 -21"><span class='ocrx_word' id='word_1_97' title='bbox 200 1262 223 1324; x_wconf 64' lang='lat' dir='ltr'>g</span> <span class='ocrx_word' id='word_1_98' title='bbox 243 1322 374 1386; x_wconf 88' lang='lat' dir='ltr'>LXIV.</span> <span class='ocrx_word' id='word_1_99' title='bbox 391 1320 442 1384; x_wconf 89' lang='lat' dir='ltr'>Ac</span> <span class='ocrx_word' id='word_1_100' title='bbox 455 1321 571 1406; x_wconf 73' lang='lat' dir='ltr'>puella,</span> <span class='ocrx_word' id='word_1_101' title='bbox 587 1320 732 1385; x_wconf 88' lang='lat' dir='ltr'>vicesimo</span> <span class='ocrx_word' id='word_1_102' title='bbox 745 1322 849 1386; x_wconf 75' lang='lat' dir='ltr'>aetafis&#39;</span> <span class='ocrx_word' id='word_1_103' title='bbox 859 1314 954 1401; x_wconf 73' lang='lat' dir='ltr'>anno,</span> <span class='ocrx_word' id='word_1_104' title='bbox 967 1322 1047 1387; x_wconf 86' lang='lat' dir='ltr'>inter</span> <span class='ocrx_word' id='word_1_105' title='bbox 1062 1323 1268 1392; x_wconf 76' lang='lat' dir='ltr'>Centuriones</span> 
     </span>
     <span class='ocr_line' id='line_1_14' title="bbox 200 1405 1267 1494; baseline -0.003 -22"><span class='ocrx_word' id='word_1_106' title='bbox 200 1421 232 1473; x_wconf 86' lang='lat' dir='ltr'>et</span> <span class='ocrx_word' id='word_1_107' title='bbox 260 1406 383 1485; x_wconf 84' lang='lat' dir='ltr'>milites,</span> <span class='ocrx_word' id='word_1_108' title='bbox 414 1406 569 1493; x_wconf 77' lang='lat' dir='ltr'>praesagic</span> <span class='ocrx_word' id='word_1_109' title='bbox 591 1405 747 1470; x_wconf 86' lang='lat' dir='ltr'>malorum</span> <span class='ocrx_word' id='word_1_110' title='bbox 767 1408 836 1493; x_wconf 88' lang='lat' dir='ltr'>jam</span> <span class='ocrx_word' id='word_1_111' title='bbox 858 1407 924 1471; x_wconf 85' lang='lat' dir='ltr'>vita</span> <span class='ocrx_word' id='word_1_112' title='bbox 947 1406 1267 1494; x_wconf 64' lang='lat' dir='ltr'>exemptanondum</span> 
     </span>
     <span class='ocr_line' id='line_1_15' title="bbox 201 1491 1270 1580; baseline -0.002 -23"><span class='ocrx_word' id='word_1_113' title='bbox 201 1508 304 1558; x_wconf 81' lang='lat' dir='ltr'>tsmcu</span> <span class='ocrx_word' id='word_1_114' title='bbox 326 1502 426 1556; x_wconf 86' lang='lat' dir='ltr'>morte</span> <span class='ocrx_word' id='word_1_115' title='bbox 446 1492 668 1578; x_wconf 71' lang='lat' dir='ltr'>acquiescebat.</span> <span class='ocrx_word' id='word_1_116' title='bbox 713 1492 827 1555; x_wconf 88' lang='lat' dir='ltr'>Paucis</span> <span class='ocrx_word' id='word_1_117' title='bbox 848 1492 960 1557; x_wconf 90' lang='lat' dir='ltr'>dehinc</span> <span class='ocrx_word' id='word_1_118' title='bbox 973 1492 1142 1580; x_wconf 84' lang='lat' dir='ltr'>interjectis</span> <span class='ocrx_word' id='word_1_119' title='bbox 1156 1491 1270 1557; x_wconf 83' lang='lat' dir='ltr'>dicbus</span> 
     </span>
     <span class='ocr_line' id='line_1_16' title="bbox 204 1570 1268 1665; baseline -0.003 -23"><span class='ocrx_word' id='word_1_120' title='bbox 204 1577 285 1642; x_wconf 92' lang='lat' dir='ltr'>mori</span> <span class='ocrx_word' id='word_1_121' title='bbox 294 1579 446 1665; x_wconf 86' lang='lat' dir='ltr'>jubetur:</span> <span class='ocrx_word' id='word_1_122' title='bbox 469 1600 543 1641; x_wconf 89' lang='lat' dir='ltr'>cum</span> <span class='ocrx_word' id='word_1_123' title='bbox 561 1578 630 1664; x_wconf 90' lang='lat' dir='ltr'>jam</span> <span class='ocrx_word' id='word_1_124' title='bbox 644 1583 665 1615; x_wconf 81' lang='lat'>‘⁶</span> <span class='ocrx_word' id='word_1_125' title='bbox 679 1576 809 1641; x_wconf 85' lang='lat' dir='ltr'>viduam</span> <span class='ocrx_word' id='word_1_126' title='bbox 824 1600 855 1641; x_wconf 88' lang='lat' dir='ltr'>se</span> <span class='ocrx_word' id='word_1_127' title='bbox 870 1588 902 1641; x_wconf 88' lang='lat' dir='ltr'>et</span> <span class='ocrx_word' id='word_1_128' title='bbox 915 1570 1038 1641; x_wconf 82' lang='lat' dir='ltr'>tantum</span> <span class='ocrx_word' id='word_1_129' title='bbox 1054 1578 1207 1642; x_wconf 74' lang='lat' dir='ltr'>sororem&#39;</span> <span class='ocrx_word' id='word_1_130' title='bbox 1222 1589 1268 1639; x_wconf 88' lang='lat' dir='ltr'>te-</span> 
     </span>
     <span class='ocr_line' id='line_1_17' title="bbox 202 1662 1269 1759; baseline -0.001 -32"><span class='ocrx_word' id='word_1_131' title='bbox 202 1677 349 1741; x_wconf 88' lang='lat' dir='ltr'>staretur,</span> <span class='ocrx_word' id='word_1_132' title='bbox 363 1684 608 1749; x_wconf 83' lang='lat' dir='ltr'>communesque</span> <span class='ocrx_word' id='word_1_133' title='bbox 621 1667 644 1700; x_wconf 88' lang='lat'>“</span> <span class='ocrx_word' id='word_1_134' title='bbox 659 1662 894 1739; x_wconf 79' lang='lat' dir='ltr'>Germanicos,&#39;&#39;</span> <span class='ocrx_word' id='word_1_135' title='bbox 905 1677 936 1727; x_wconf 90' lang='lat' dir='ltr'>et</span> <span class='ocrx_word' id='word_1_136' title='bbox 945 1677 1102 1749; x_wconf 88' lang='lat' dir='ltr'>postremo</span> <span class='ocrx_word' id='word_1_137' title='bbox 1117 1670 1139 1702; x_wconf 86' lang='lat'>“</span> <span class='ocrx_word' id='word_1_138' title='bbox 1154 1662 1269 1759; x_wconf 80' lang='lat' dir='ltr'>Agrip-</span> 
     </span>
     <span class='ocr_line' id='line_1_18' title="bbox 201 1746 1270 1835; baseline -0.002 -24"><span class='ocrx_word' id='word_1_139' title='bbox 201 1749 302 1835; x_wconf 77' lang='lat' dir='ltr'>pinae”</span> <span class='ocrx_word' id='word_1_140' title='bbox 316 1770 431 1811; x_wconf 87' lang='lat' dir='ltr'>nomeu</span> <span class='ocrx_word' id='word_1_141' title='bbox 443 1746 548 1827; x_wconf 88' lang='lat' dir='ltr'>cieret,</span> <span class='ocrx_word' id='word_1_142' title='bbox 564 1755 585 1785; x_wconf 85' lang='lat'>⁴⁴</span> <span class='ocrx_word' id='word_1_143' title='bbox 600 1768 665 1832; x_wconf 88' lang='lat' dir='ltr'>qua</span> <span class='ocrx_word' id='word_1_144' title='bbox 678 1746 837 1825; x_wconf 88' lang='lat' dir='ltr'>incolumi,</span> <span class='ocrx_word' id='word_1_145' title='bbox 852 1746 961 1812; x_wconf 85' lang='lat' dir='ltr'>infelix</span> <span class='ocrx_word' id='word_1_146' title='bbox 972 1746 1100 1834; x_wconf 85' lang='lat' dir='ltr'>quidem</span> <span class='ocrx_word' id='word_1_147' title='bbox 1111 1758 1270 1813; x_wconf 86' lang='lat' dir='ltr'>matnmo·</span> 
     </span>
    </p>
   </div>
   <div class='ocr_carea' id='block_1_3' title="bbox 196 1941 1283 4377">
    <p class='ocr_par' dir='ltr' id='par_1_3' title="bbox 196 1941 1283 4377">
     <span class='ocr_line' id='line_1_19' title="bbox 204 1941 1269 2008; baseline -0.006 -13"><span class='ocrx_word' id='word_1_148' title='bbox 204 1948 270 2002; x_wconf 78' lang='lat'>8,7·</span> <span class='ocrx_word' id='word_1_149' title='bbox 286 1946 312 2003; x_wconf 82' lang='lat'>9,</span> <span class='ocrx_word' id='word_1_150' title='bbox 331 1944 369 1992; x_wconf 81' lang='grc'>14.</span> <span class='ocrx_word' id='word_1_151' title='bbox 385 1944 427 1992; x_wconf 89' lang='lat' dir='ltr'>nbi</span> <span class='ocrx_word' id='word_1_152' title='bbox 442 1960 465 1991; x_wconf 84' lang='lat' dir='ltr'>v.</span> <span class='ocrx_word' id='word_1_153' title='bbox 481 1943 603 1991; x_wconf 80' lang='lat' dir='ltr'>Drakeub.</span> <span class='ocrx_word' id='word_1_154' title='bbox 619 1951 643 1991; x_wconf 83' lang='lat' dir='ltr'>et</span> <span class='ocrx_word' id='word_1_155' title='bbox 662 1942 723 1991; x_wconf 81' lang='lat' dir='ltr'>infra</span> <span class='ocrx_word' id='word_1_156' title='bbox 753 1950 844 1991; x_wconf 85' lang='lat' dir='ltr'>notum.</span> <span class='ocrx_word' id='word_1_157' title='bbox 877 1943 939 1993; x_wconf 83' lang='lat' dir='ltr'>M&#39;ox</span> <span class='ocrx_word' id='word_1_158' title='bbox 952 1947 1007 2008; x_wconf 74' lang='lat' dir='ltr'>J&#39;cm</span> <span class='ocrx_word' id='word_1_159' title='bbox 1024 1946 1074 1992; x_wconf 84' lang='lat' dir='ltr'>vita</span> <span class='ocrx_word' id='word_1_160' title='bbox 1090 1950 1180 1992; x_wconf 73' lang='lat' dir='ltr'>cremia</span> <span class='ocrx_word' id='word_1_161' title='bbox 1197 1941 1269 1991; x_wconf 73' lang='lat' dir='ltr'>MSS:</span> 
     </span>
     <span class='ocr_line' id='line_1_20' title="bbox 206 2007 1270 2071; baseline -0.001 -16"><span class='ocrx_word' id='word_1_162' title='bbox 206 2010 246 2069; x_wconf 84' lang='lat'>15,</span> <span class='ocrx_word' id='word_1_163' title='bbox 269 2008 309 2057; x_wconf 85' lang='lat'>36.</span> <span class='ocrx_word' id='word_1_164' title='bbox 328 2024 371 2071; x_wconf 91' lang='lat' dir='ltr'>pro</span> <span class='ocrx_word' id='word_1_165' title='bbox 388 2009 463 2055; x_wconf 83' lang='lat' dir='ltr'>edicto</span> <span class='ocrx_word' id='word_1_166' title='bbox 483 2010 626 2069; x_wconf 74' lang='lat' dir='ltr'>testificatur,</span> <span class='ocrx_word' id='word_1_167' title='bbox 665 2007 722 2055; x_wconf 87' lang='lat' dir='ltr'>MS.</span> <span class='ocrx_word' id='word_1_168' title='bbox 754 2008 819 2055; x_wconf 77' lang='lat' dir='ltr'>rior.</span> <span class='ocrx_word' id='word_1_169' title='bbox 835 2007 895 2071; x_wconf 85' lang='lat' dir='ltr'>Agr.</span> <span class='ocrx_word' id='word_1_170' title='bbox 912 2008 948 2055; x_wconf 90' lang='lat' dir='ltr'>ed.</span> <span class='ocrx_word' id='word_1_171' title='bbox 964 2024 999 2071; x_wconf 90' lang='lat' dir='ltr'>pr.</span> <span class='ocrx_word' id='word_1_172' title='bbox 1016 2007 1080 2071; x_wconf 86' lang='lat' dir='ltr'>quod</span> <span class='ocrx_word' id='word_1_173' title='bbox 1093 2010 1144 2069; x_wconf 89' lang='lat' dir='ltr'>jam</span> <span class='ocrx_word' id='word_1_174' title='bbox 1158 2007 1185 2056; x_wconf 85' lang='lat' dir='ltr'>J.</span> <span class='ocrx_word' id='word_1_175' title='bbox 1197 2007 1270 2055; x_wconf 82' lang='lat' dir='ltr'>Gran.</span> 
     </span>
     <span class='ocr_line' id='line_1_21' title="bbox 201 2070 1271 2135; baseline -0.005 -13"><span class='ocrx_word' id='word_1_176' title='bbox 201 2072 302 2122; x_wconf 80' lang='lat' dir='ltr'>Budct</span> <span class='ocrx_word' id='word_1_177' title='bbox 315 2072 476 2121; x_wconf 68' lang='lat' dir='ltr'>Gudidicto.</span> <span class='ocrx_word' id='word_1_178' title='bbox 508 2072 581 2119; x_wconf 79' lang='lat' dir='ltr'>Eun.</span> <span class='ocrx_word' id='word_1_179' title='bbox 754 2071 862 2129; x_wconf 84' lang='lat' dir='ltr'>restituit,</span> <span class='ocrx_word' id='word_1_180' title='bbox 886 2072 1013 2135; x_wconf 80' lang='lat' dir='ltr'>explicans,</span> <span class='ocrx_word' id='word_1_181' title='bbox 1036 2087 1090 2121; x_wconf 89' lang='lat' dir='ltr'>cum</span> <span class='ocrx_word' id='word_1_182' title='bbox 1109 2073 1159 2132; x_wconf 78' lang='lat' dir='ltr'>jem</span> <span class='ocrx_word' id='word_1_183' title='bbox 1181 2070 1271 2123; x_wconf 73' lang='lat' dir='ltr'>vitaer</span> 
     </span>
     <span class='ocr_line' id='line_1_22' title="bbox 242 2134 1271 2199; baseline -0.005 -15"><span class='ocrx_word' id='word_1_184' title='bbox 242 2138 370 2197; x_wconf 73' lang='lat' dir='ltr'>Insciaque</span> <span class='ocrx_word' id='word_1_185' title='bbox 382 2138 545 2198; x_wconf 72' lang='lat' dir='ltr'>Pandataria]</span> <span class='ocrx_word' id='word_1_186' title='bbox 563 2135 629 2194; x_wconf 85' lang='lat' dir='ltr'>Quid</span> <span class='ocrx_word' id='word_1_187' title='bbox 639 2134 724 2197; x_wconf 83' lang='lat' dir='ltr'>ergoin</span> <span class='ocrx_word' id='word_1_188' title='bbox 753 2136 820 2183; x_wconf 84' lang='lat' dir='ltr'>nulla</span> <span class='ocrx_word' id='word_1_189' title='bbox 835 2135 926 2185; x_wconf 77' lang='lat' dir='ltr'>merset.</span> <span class='ocrx_word' id='word_1_190' title='bbox 960 2137 1014 2199; x_wconf 76' lang='lat' dir='ltr'>ugo</span> <span class='ocrx_word' id='word_1_191' title='bbox 1029 2136 1107 2199; x_wconf 88' lang='lat' dir='ltr'>potius</span> <span class='ocrx_word' id='word_1_192' title='bbox 1123 2136 1189 2197; x_wconf 82' lang='lat' dir='ltr'>capio</span> <span class='ocrx_word' id='word_1_193' title='bbox 1201 2134 1271 2183; x_wconf 85' lang='lat' dir='ltr'>intel.</span> 
     </span>
     <span class='ocr_line' id='line_1_23' title="bbox 204 2199 1271 2263; baseline 0 -14"><span class='ocrx_word' id='word_1_194' title='bbox 204 2211 307 2249; x_wconf 84' lang='lat' dir='ltr'>mentem</span> <span class='ocrx_word' id='word_1_195' title='bbox 323 2201 359 2247; x_wconf 78' lang='lat' dir='ltr'>issi</span> <span class='ocrx_word' id='word_1_196' title='bbox 378 2209 452 2262; x_wconf 70' lang='lat' dir='ltr'>poete</span> <span class='ocrx_word' id='word_1_197' title='bbox 467 2200 565 2262; x_wconf 76' lang='lat' dir='ltr'>ignobili</span> <span class='ocrx_word' id='word_1_198' title='bbox 582 2199 645 2247; x_wconf 87' lang='lat' dir='ltr'>venit</span> <span class='ocrx_word' id='word_1_199' title='bbox 664 2201 723 2261; x_wconf 90' lang='lat' dir='ltr'>(non</span> <span class='ocrx_word' id='word_1_200' title='bbox 753 2200 815 2246; x_wconf 87' lang='lat' dir='ltr'>lectu</span> <span class='ocrx_word' id='word_1_201' title='bbox 826 2200 1070 2263; x_wconf 84' lang='lat' dir='ltr'>praepcsitiouisdcvel</span> <span class='ocrx_word' id='word_1_202' title='bbox 1080 2213 1169 2258; x_wconf 80' lang='lat' dir='ltr'>er,nec</span> <span class='ocrx_word' id='word_1_203' title='bbox 1179 2212 1271 2249; x_wconf 70' lang='lat' dir='ltr'>necessa</span> 
     </span>
     <span class='ocr_line' id='line_1_24' title="bbox 206 2262 1270 2349; baseline -0.002 -36"><span class='ocrx_word' id='word_1_204' title='bbox 206 2265 269 2313; x_wconf 88' lang='lat' dir='ltr'>enim</span> <span class='ocrx_word' id='word_1_205' title='bbox 293 2266 394 2321; x_wconf 67' lang='lat' dir='ltr'>senece,</span> <span class='ocrx_word' id='word_1_206' title='bbox 416 2279 473 2311; x_wconf 91' lang='lat' dir='ltr'>cum</span> <span class='ocrx_word' id='word_1_207' title='bbox 491 2264 560 2338; x_wconf 83' lang='lat' dir='ltr'>cartis</span> <span class='ocrx_word' id='word_1_208' title='bbox 581 2262 724 2349; x_wconf 65' lang='lat' dir='ltr'>argumentis</span> <span class='ocrx_word' id='word_1_209' title='bbox 754 2270 790 2311; x_wconf 87' lang='lat' dir='ltr'>cst</span> <span class='ocrx_word' id='word_1_210' title='bbox 811 2278 865 2311; x_wconf 89' lang='lat' dir='ltr'>cum</span> <span class='ocrx_word' id='word_1_211' title='bbox 886 2264 919 2311; x_wconf 83' lang='lat' dir='ltr'>N.</span> <span class='ocrx_word' id='word_1_212' title='bbox 943 2264 1043 2339; x_wconf 74' lang='lat' dir='ltr'>Heinsio</span> <span class='ocrx_word' id='word_1_213' title='bbox 1070 2262 1180 2325; x_wconf 80' lang='lat' dir='ltr'>corrigere</span> <span class='ocrx_word' id='word_1_214' title='bbox 1207 2265 1270 2317; x_wconf 79' lang='lat' dir='ltr'>viic,</span> 
     </span>
     <span class='ocr_line' id='line_1_25' title="bbox 205 2326 1272 2456; baseline 0 -17"><span class='ocrx_word' id='word_1_215' title='bbox 205 2326 724 2456; x_wconf 52' lang='lat' dir='ltr'>triumtabernensis</span> <span class='ocrx_word' id='word_1_216' title='bbox 754 2326 1272 2454; x_wconf 62' lang='lat' dir='ltr'>tibitit‘iiiitdit‘ffi</span> 
     </span>
     <span class='ocr_line' id='line_1_26' title="bbox 205 2455 1276 2532; baseline 0 -26"><span class='ocrx_word' id='word_1_217' title='bbox 205 2456 296 2506; x_wconf 84' lang='lat' dir='ltr'>ridetur</span> <span class='ocrx_word' id='word_1_218' title='bbox 306 2457 619 2520; x_wconf 79' lang='lat' dir='ltr'>v.969.-dctcvelcfreiir</span> <span class='ocrx_word' id='word_1_219' title='bbox 633 2457 724 2532; x_wconf 58' lang='grc'>1755115-</span> <span class='ocrx_word' id='word_1_220' title='bbox 755 2456 978 2531; x_wconf 30' lang='grc' dir='ltr'>ηιεπᾱοειοϋρᾷάἱθηε</span> <span class='ocrx_word' id='word_1_221' title='bbox 994 2459 1075 2516; x_wconf 67' lang='lat' dir='ltr'>sodor,</span> <span class='ocrx_word' id='word_1_222' title='bbox 1090 2455 1153 2520; x_wconf 81' lang='lat' dir='ltr'>qnod</span> <span class='ocrx_word' id='word_1_223' title='bbox 1167 2455 1276 2532; x_wconf 68' lang='lat' dir='ltr'>pluribus</span> 
     </span>
     <span class='ocr_line' id='line_1_27' title="bbox 206 2519 1278 2656; baseline -0.002 -22"><span class='ocrx_word' id='word_1_224' title='bbox 206 2519 725 2641; x_wconf 43' lang='lat' dir='ltr'>&amp;dimittimini</span> <span class='ocrx_word' id='word_1_225' title='bbox 756 2519 1127 2646; x_wconf 55' lang='lat' dir='ltr'>{nitimini</span> <span class='ocrx_word' id='word_1_226' title='bbox 1146 2521 1278 2656; x_wconf 53' lang='lat' dir='ltr'>(effi</span> 
     </span>
     <span class='ocr_line' id='line_1_28' title="bbox 196 2639 1276 2709; baseline 0.002 -13"><span class='ocrx_word' id='word_1_227' title='bbox 196 2639 584 2697; x_wconf 69' lang='lat' dir='ltr'>‘drinednmtaratnaviavectam</span> <span class='ocrx_word' id='word_1_228' title='bbox 592 2647 724 2697; x_wconf 81' lang='lat' dir='ltr'>Octaviam.</span> <span class='ocrx_word' id='word_1_229' title='bbox 757 2645 836 2694; x_wconf 85' lang='lat' dir='ltr'>Guelf.</span> <span class='ocrx_word' id='word_1_230' title='bbox 855 2662 870 2694; x_wconf 88' lang='lat' dir='ltr'>c</span> <span class='ocrx_word' id='word_1_231' title='bbox 887 2650 945 2709; x_wconf 82' lang='lat' dir='ltr'>cita,</span> <span class='ocrx_word' id='word_1_232' title='bbox 964 2657 992 2697; x_wconf 90' lang='lat' dir='ltr'>ut</span> <span class='ocrx_word' id='word_1_233' title='bbox 1010 2649 1062 2698; x_wconf 82' lang='lat' dir='ltr'>cdd</span> <span class='ocrx_word' id='word_1_234' title='bbox 1081 2649 1136 2698; x_wconf 89' lang='lat' dir='ltr'>iude</span> <span class='ocrx_word' id='word_1_235' title='bbox 1152 2665 1167 2698; x_wconf 80' lang='lat' dir='ltr'>s</span> <span class='ocrx_word' id='word_1_236' title='bbox 1182 2649 1276 2698; x_wconf 72' lang='lat' dir='ltr'>Precor.</span> 
     </span>
     <span class='ocr_line' id='line_1_29' title="bbox 209 2710 1273 2776; baseline 0.001 -15"><span class='ocrx_word' id='word_1_237' title='bbox 209 2713 480 2762; x_wconf 85' lang='lat' dir='ltr'>Idenimcontentiosus</span> <span class='ocrx_word' id='word_1_238' title='bbox 495 2713 580 2776; x_wconf 82' lang='lat' dir='ltr'>aliquis</span> <span class='ocrx_word' id='word_1_239' title='bbox 594 2712 667 2775; x_wconf 89' lang='lat' dir='ltr'>possit</span> <span class='ocrx_word' id='word_1_240' title='bbox 681 2727 725 2774; x_wconf 79' lang='lat' dir='ltr'>pr-</span> <span class='ocrx_word' id='word_1_241' title='bbox 755 2710 850 2760; x_wconf 81' lang='lat' dir='ltr'>habeut.</span> <span class='ocrx_word' id='word_1_242' title='bbox 883 2713 941 2761; x_wconf 86' lang='lat' dir='ltr'>Post</span> <span class='ocrx_word' id='word_1_243' title='bbox 956 2729 998 2776; x_wconf 91' lang='lat' dir='ltr'>pro</span> <span class='ocrx_word' id='word_1_244' title='bbox 1009 2720 1084 2762; x_wconf 71' lang='lat' dir='ltr'>vermis</span> <span class='ocrx_word' id='word_1_245' title='bbox 1095 2712 1207 2762; x_wconf 81' lang='lat' dir='ltr'>Heinsius</span> <span class='ocrx_word' id='word_1_246' title='bbox 1222 2727 1273 2762; x_wconf 81' lang='lat' dir='ltr'>mr·</span> 
     </span>
     <span class='ocr_line' id='line_1_30' title="bbox 207 2775 1271 2840; baseline -0.001 -15"><span class='ocrx_word' id='word_1_247' title='bbox 207 2794 260 2825; x_wconf 89' lang='lat' dir='ltr'>rum</span> <span class='ocrx_word' id='word_1_248' title='bbox 281 2778 375 2834; x_wconf 71' lang='grc' dir='ltr'>εὐλόγως</span> <span class='ocrx_word' id='word_1_249' title='bbox 395 2778 483 2825; x_wconf 80' lang='lat' dir='ltr'>diceres</span> <span class='ocrx_word' id='word_1_250' title='bbox 509 2778 566 2825; x_wconf 83' lang='lat' dir='ltr'>alias</span> <span class='ocrx_word' id='word_1_251' title='bbox 583 2775 724 2840; x_wconf 86' lang='lat' dir='ltr'>reposuerim</span> <span class='ocrx_word' id='word_1_252' title='bbox 755 2775 819 2824; x_wconf 82' lang='lat' dir='ltr'>lebat</span> <span class='ocrx_word' id='word_1_253' title='bbox 829 2778 908 2824; x_wconf 83' lang='lat' dir='ltr'>morti.</span> <span class='ocrx_word' id='word_1_254' title='bbox 941 2776 1161 2840; x_wconf 86' lang='lat' dir='ltr'>Ssdilludquoquc</span> <span class='ocrx_word' id='word_1_255' title='bbox 1174 2785 1271 2826; x_wconf 86' lang='lat' dir='ltr'>rectum.</span> 
     </span>
     <span class='ocr_line' id='line_1_31' title="bbox 210 2839 1275 2969; baseline 0.002 -16"><span class='ocrx_word' id='word_1_256' title='bbox 210 2843 631 2967; x_wconf 50' lang='lat' dir='ltr'>ff’mitiiitiiitiiit</span> <span class='ocrx_word' id='word_1_257' title='bbox 648 2839 726 2950; x_wconf 54' lang='lat' dir='ltr'>hit·</span> <span class='ocrx_word' id='word_1_258' title='bbox 757 2839 1275 2969; x_wconf 63' lang='lat' dir='ltr'>ttaiittrtumtrri</span> 
     </span>
     <span class='ocr_line' id='line_1_32' title="bbox 209 2937 1066 3032; baseline 0.002 -17"><span class='ocrx_word' id='word_1_259' title='bbox 209 2962 439 3032; x_wconf 73' lang='lat' dir='ltr'>cppeltcturlrchia.</span> <span class='ocrx_word' id='word_1_260' title='bbox 471 2968 543 3017; x_wconf 76' lang='lat' dir='ltr'>Ean.</span> <span class='ocrx_word' id='word_1_261' title='bbox 632 2937 640 2962; x_wconf 56' lang='lat'><strong>⁹</strong></span> <span class='ocrx_word' id='word_1_262' title='bbox 757 2968 842 3016; x_wconf 84' lang='lat' dir='ltr'>citum.</span> <span class='ocrx_word' id='word_1_263' title='bbox 877 2969 951 3017; x_wconf 76' lang='lat' dir='ltr'>Eun.</span> <span class='ocrx_word' id='word_1_264' title='bbox 1052 2939 1066 2986; x_wconf 64' lang='lat'>&#39;⁹</span> 
     </span>
     <span class='ocr_line' id='line_1_33' title="bbox 241 3033 1280 3100; baseline 0.005 -20"><span class='ocrx_word' id='word_1_265' title='bbox 241 3034 355 3080; x_wconf 78' lang='lat' dir='ltr'>Melioris</span> <span class='ocrx_word' id='word_1_266' title='bbox 373 3035 429 3080; x_wconf 83' lang='lat' dir='ltr'>clim</span> <span class='ocrx_word' id='word_1_267' title='bbox 441 3033 551 3095; x_wconf 71' lang='lat' dir='ltr'>fortune</span> <span class='ocrx_word' id='word_1_268' title='bbox 568 3033 726 3080; x_wconf 74' lang='lat' dir='ltr'>recordatione</span> <span class='ocrx_word' id='word_1_269' title='bbox 792 3033 965 3094; x_wconf 74' lang='lat' dir='ltr'>Ccnrmricrcque</span> <span class='ocrx_word' id='word_1_270' title='bbox 991 3035 1137 3100; x_wconf 74' lang='lat' dir='ltr'>Germanici]</span> <span class='ocrx_word' id='word_1_271' title='bbox 1162 3033 1280 3097; x_wconf 74' lang='lat' dir='ltr'>Accipere</span> 
     </span>
     <span class='ocr_line' id='line_1_34' title="bbox 210 3095 1277 3163; baseline 0.002 -19"><span class='ocrx_word' id='word_1_272' title='bbox 210 3097 351 3160; x_wconf 67' lang='grc'><strong>5115551551]</strong></span> <span class='ocrx_word' id='word_1_273' title='bbox 368 3097 407 3147; x_wconf 80' lang='lat' dir='ltr'>sir</span> <span class='ocrx_word' id='word_1_274' title='bbox 424 3098 480 3146; x_wconf 79' lang='lat' dir='ltr'>MS.</span> <span class='ocrx_word' id='word_1_275' title='bbox 497 3097 560 3144; x_wconf 72' lang='lat' dir='ltr'>Flor-</span> <span class='ocrx_word' id='word_1_276' title='bbox 578 3096 657 3144; x_wconf 79' lang='lat' dir='ltr'>Guelt&#39;.</span> <span class='ocrx_word' id='word_1_277' title='bbox 674 3096 727 3145; x_wconf 86' lang='lat' dir='ltr'>edd.</span> <span class='ocrx_word' id='word_1_278' title='bbox 757 3095 839 3163; x_wconf 80' lang='lat' dir='ltr'>possis,</span> <span class='ocrx_word' id='word_1_279' title='bbox 861 3098 988 3158; x_wconf 81' lang='lat' dir='ltr'>appellasse</span> <span class='ocrx_word' id='word_1_280' title='bbox 1007 3097 1127 3149; x_wconf 75' lang='lat' dir='ltr'>Octaviam</span> <span class='ocrx_word' id='word_1_281' title='bbox 1145 3098 1217 3161; x_wconf 82' lang='lat' dir='ltr'>petris</span> <span class='ocrx_word' id='word_1_282' title='bbox 1233 3111 1277 3146; x_wconf 86' lang='lat' dir='ltr'>no-¹</span> 
     </span>
     <span class='ocr_line' id='line_1_35' title="bbox 211 3160 1278 3225; baseline 0.002 -17"><span class='ocrx_word' id='word_1_283' title='bbox 211 3170 351 3223; x_wconf 56' lang='lat' dir='ltr'>venusque</span> <span class='ocrx_word' id='word_1_284' title='bbox 366 3162 484 3210; x_wconf 84' lang='lat' dir='ltr'>sthen</span> <span class='ocrx_word' id='word_1_285' title='bbox 499 3161 541 3225; x_wconf 93' lang='lat' dir='ltr'>qui</span> <span class='ocrx_word' id='word_1_286' title='bbox 556 3162 675 3210; x_wconf 74' lang='lat' dir='ltr'>elevabant</span> <span class='ocrx_word' id='word_1_287' title='bbox 690 3160 727 3208; x_wconf 88' lang='lat' dir='ltr'>in·</span> <span class='ocrx_word' id='word_1_288' title='bbox 757 3174 821 3219; x_wconf 91' lang='lat' dir='ltr'>men,</span> <span class='ocrx_word' id='word_1_289' title='bbox 843 3161 885 3224; x_wconf 90' lang='lat' dir='ltr'>qui</span> <span class='ocrx_word' id='word_1_290' title='bbox 907 3161 1061 3210; x_wconf 81' lang='lat' dir='ltr'>Germanicus</span> <span class='ocrx_word' id='word_1_291' title='bbox 1080 3162 1164 3222; x_wconf 68' lang='lat' dir='ltr'>diocia</span> <span class='ocrx_word' id='word_1_292' title='bbox 1190 3162 1227 3210; x_wconf 90' lang='lat' dir='ltr'>uti</span> <span class='ocrx_word' id='word_1_293' title='bbox 1253 3170 1278 3210; x_wconf 82' lang='lat' dir='ltr'>et</span> 
     </span>
     <span class='ocr_line' id='line_1_36' title="bbox 211 3224 1277 3289; baseline 0.002 -17"><span class='ocrx_word' id='word_1_294' title='bbox 211 3225 280 3272; x_wconf 83' lang='lat' dir='ltr'>duxit</span> <span class='ocrx_word' id='word_1_295' title='bbox 291 3226 317 3287; x_wconf 87' lang='lat' dir='ltr'>(e</span> <span class='ocrx_word' id='word_1_296' title='bbox 326 3224 411 3286; x_wconf 74' lang='lat' dir='ltr'>Bra).</span> <span class='ocrx_word' id='word_1_297' title='bbox 434 3226 500 3275; x_wconf 83' lang='lat' dir='ltr'>Illud</span> <span class='ocrx_word' id='word_1_298' title='bbox 511 3225 727 3274; x_wconf 79' lang='lat' dir='ltr'>Pichmrrcstitnit.</span> <span class='ocrx_word' id='word_1_299' title='bbox 759 3225 830 3272; x_wconf 83' lang='lat' dir='ltr'>Nero.</span> <span class='ocrx_word' id='word_1_300' title='bbox 864 3224 997 3274; x_wconf 84' lang='lat' dir='ltr'>Commune</span> <span class='ocrx_word' id='word_1_301' title='bbox 1006 3226 1078 3288; x_wconf 76' lang='lat' dir='ltr'>igitur</span> <span class='ocrx_word' id='word_1_302' title='bbox 1093 3226 1195 3289; x_wconf 83' lang='lat' dir='ltr'>utrique.</span> <span class='ocrx_word' id='word_1_303' title='bbox 1227 3226 1277 3274; x_wconf 78' lang='lat' dir='ltr'>&#39;l&#39;s-</span> 
     </span>
     <span class='ocr_line' id='line_1_37' title="bbox 210 3288 1276 3353; baseline 0.004 -19"><span class='ocrx_word' id='word_1_304' title='bbox 210 3289 322 3335; x_wconf 79' lang='lat' dir='ltr'>Allcccrc</span> <span class='ocrx_word' id='word_1_305' title='bbox 332 3298 366 3336; x_wconf 87' lang='lat' dir='ltr'>est</span> <span class='ocrx_word' id='word_1_306' title='bbox 375 3289 592 3349; x_wconf 61' lang='lat' dir='ltr'>consciumleuirer</span> <span class='ocrx_word' id='word_1_307' title='bbox 610 3288 728 3353; x_wconf 87' lang='lat' dir='ltr'>quomodo</span> <span class='ocrx_word' id='word_1_308' title='bbox 758 3303 823 3348; x_wconf 85' lang='lat' dir='ltr'>man,</span> <span class='ocrx_word' id='word_1_309' title='bbox 841 3303 896 3338; x_wconf 89' lang='lat' dir='ltr'>cum</span> <span class='ocrx_word' id='word_1_310' title='bbox 914 3289 940 3337; x_wconf 92' lang='lat' dir='ltr'>in</span> <span class='ocrx_word' id='word_1_311' title='bbox 952 3289 1033 3352; x_wconf 82' lang='lat' dir='ltr'>priscis</span> <span class='ocrx_word' id='word_1_312' title='bbox 1048 3290 1113 3338; x_wconf 88' lang='lat' dir='ltr'>libris</span> <span class='ocrx_word' id='word_1_313' title='bbox 1127 3290 1157 3338; x_wconf 87' lang='lat' dir='ltr'>sit</span> <span class='ocrx_word' id='word_1_314' title='bbox 1172 3305 1276 3340; x_wconf 77' lang='lat' dir='ltr'>commu·</span> 
     </span>
     <span class='ocr_line' id='line_1_38' title="bbox 212 3349 1279 3414; baseline 0.003 -15"><span class='ocrx_word' id='word_1_315' title='bbox 212 3352 282 3399; x_wconf 81' lang='lat' dir='ltr'>etiam</span> <span class='ocrx_word' id='word_1_316' title='bbox 299 3349 381 3400; x_wconf 87' lang='lat' dir='ltr'>Cicero</span> <span class='ocrx_word' id='word_1_317' title='bbox 399 3354 468 3413; x_wconf 83' lang='lat' dir='ltr'>dixit,</span> <span class='ocrx_word' id='word_1_318' title='bbox 484 3363 511 3401; x_wconf 83' lang='lat' dir='ltr'>ut</span> <span class='ocrx_word' id='word_1_319' title='bbox 527 3362 551 3402; x_wconf 85' lang='lat' dir='ltr'>ct</span> <span class='ocrx_word' id='word_1_320' title='bbox 566 3354 728 3402; x_wconf 66' lang='lat' dir='ltr'>acreum·</span> <span class='ocrx_word' id='word_1_321' title='bbox 759 3367 852 3414; x_wconf 79' lang='lat' dir='ltr'>necque,</span> <span class='ocrx_word' id='word_1_322' title='bbox 876 3359 931 3400; x_wconf 77' lang='lat' dir='ltr'>usta</span> <span class='ocrx_word' id='word_1_323' title='bbox 949 3353 1009 3401; x_wconf 88' lang='lat' dir='ltr'>mihi</span> <span class='ocrx_word' id='word_1_324' title='bbox 1022 3355 1098 3414; x_wconf 82' lang='lat' dir='ltr'>lectio,</span> <span class='ocrx_word' id='word_1_325' title='bbox 1116 3369 1170 3401; x_wconf 82' lang='lat' dir='ltr'>cum</span> <span class='ocrx_word' id='word_1_326' title='bbox 1186 3371 1279 3402; x_wconf 78' lang='lat' dir='ltr'>marser-</span> 
     </span>
     <span class='ocr_line' id='line_1_39' title="bbox 211 3415 1277 3482; baseline 0.004 -20"><span class='ocrx_word' id='word_1_327' title='bbox 211 3431 255 3478; x_wconf 88' lang='lat' dir='ltr'>prc</span> <span class='ocrx_word' id='word_1_328' title='bbox 277 3415 429 3464; x_wconf 88' lang='lat' dir='ltr'>diminutione</span> <span class='ocrx_word' id='word_1_329' title='bbox 450 3418 514 3464; x_wconf 81' lang='lat' dir='ltr'>mcii.</span> <span class='ocrx_word' id='word_1_330' title='bbox 553 3418 624 3478; x_wconf 71' lang='lat' dir='ltr'>Tusc,</span> <span class='ocrx_word' id='word_1_331' title='bbox 643 3418 667 3474; x_wconf 77' lang='lat'>³,</span> <span class='ocrx_word' id='word_1_332' title='bbox 686 3419 727 3466; x_wconf 77' lang='lat'>29.</span> <span class='ocrx_word' id='word_1_333' title='bbox 760 3432 804 3478; x_wconf 76' lang='lat' dir='ltr'>quc</span> <span class='ocrx_word' id='word_1_334' title='bbox 824 3419 960 3474; x_wconf 75' lang='lat' dir='ltr'>Gcrnmai,·</span> <span class='ocrx_word' id='word_1_335' title='bbox 988 3425 1015 3466; x_wconf 89' lang='lat' dir='ltr'>nt</span> <span class='ocrx_word' id='word_1_336' title='bbox 1031 3417 1125 3466; x_wconf 73' lang='lat' dir='ltr'>bouem</span> <span class='ocrx_word' id='word_1_337' title='bbox 1146 3419 1277 3482; x_wconf 77' lang='lat' dir='ltr'>appellere·</span> 
     </span>
     <span class='ocr_line' id='line_1_40' title="bbox 213 3480 1278 3541; baseline 0.002 -12"><span class='ocrx_word' id='word_1_338' title='bbox 213 3480 284 3529; x_wconf 80' lang='lat' dir='ltr'>Bmt.</span> <span class='ocrx_word' id='word_1_339' title='bbox 298 3482 334 3528; x_wconf 79' lang='lat'>12.</span> <span class='ocrx_word' id='word_1_340' title='bbox 351 3480 405 3529; x_wconf 79' lang='lat' dir='ltr'>Fin</span> <span class='ocrx_word' id='word_1_341' title='bbox 417 3482 440 3541; x_wconf 93' lang='lat'>1,</span> <span class='ocrx_word' id='word_1_342' title='bbox 458 3483 496 3530; x_wconf 79' lang='lat' dir='ltr'>ln.</span> <span class='ocrx_word' id='word_1_343' title='bbox 513 3481 583 3531; x_wconf 59' lang='lat' dir='ltr'>dam</span> <span class='ocrx_word' id='word_1_344' title='bbox 599 3489 676 3530; x_wconf 74' lang='lat' dir='ltr'>ursus</span> <span class='ocrx_word' id='word_1_345' title='bbox 688 3482 728 3541; x_wconf 79' lang='lat'>12,</span> <span class='ocrx_word' id='word_1_346' title='bbox 760 3481 791 3528; x_wconf 82' lang='lat' dir='ltr'>rit</span> <span class='ocrx_word' id='word_1_347' title='bbox 802 3481 929 3541; x_wconf 75' lang='lat' dir='ltr'>uturum,</span> <span class='ocrx_word' id='word_1_348' title='bbox 942 3489 966 3528; x_wconf 85' lang='lat' dir='ltr'>et</span> <span class='ocrx_word' id='word_1_349' title='bbox 976 3481 1174 3530; x_wconf 76' lang='lat' dir='ltr'>dundemauem.</span> <span class='ocrx_word' id='word_1_350' title='bbox 1200 3482 1278 3531; x_wconf 80' lang='lat' dir='ltr'>ers.</span> 
     </span>
     <span class='ocr_line' id='line_1_41' title="bbox 213 3543 1277 3608; baseline 0.007 -19"><span class='ocrx_word' id='word_1_351' title='bbox 213 3545 254 3590; x_wconf 75' lang='lat'>51.</span> <span class='ocrx_word' id='word_1_352' title='bbox 279 3543 359 3592; x_wconf 74' lang='lat' dir='ltr'>Ean.</span> <span class='ocrx_word' id='word_1_353' title='bbox 762 3545 832 3592; x_wconf 91' lang='lat' dir='ltr'>Nihil</span> <span class='ocrx_word' id='word_1_354' title='bbox 842 3546 953 3608; x_wconf 81' lang='lat' dir='ltr'>cpnshac</span> <span class='ocrx_word' id='word_1_355' title='bbox 964 3546 1108 3595; x_wconf 80' lang='lat' dir='ltr'>correctione.</span> <span class='ocrx_word' id='word_1_356' title='bbox 1141 3546 1199 3596; x_wconf 89' lang='lat' dir='ltr'>Non</span> <span class='ocrx_word' id='word_1_357' title='bbox 1214 3547 1277 3596; x_wconf 87' lang='lat' dir='ltr'>euim</span> 
     </span>
     <span class='ocr_line' id='line_1_42' title="bbox 243 3608 1280 3674; baseline 0.006 -20"><span class='ocrx_word' id='word_1_358' title='bbox 243 3609 653 3674; x_wconf 73' lang='lat' dir='ltr'>Hauprimumccpammdtrr]</span> <span class='ocrx_word' id='word_1_359' title='bbox 671 3609 729 3658; x_wconf 79' lang='lat' dir='ltr'>Pri·</span> <span class='ocrx_word' id='word_1_360' title='bbox 760 3608 856 3657; x_wconf 87' lang='lat' dir='ltr'>ultionis</span> <span class='ocrx_word' id='word_1_361' title='bbox 882 3610 1032 3672; x_wconf 71' lang='lat' dir='ltr'>exposcenda</span> <span class='ocrx_word' id='word_1_362' title='bbox 1058 3625 1138 3660; x_wconf 69' lang='lat' dir='ltr'>uuus</span> <span class='ocrx_word' id='word_1_363' title='bbox 1158 3609 1210 3671; x_wconf 83' lang='lat' dir='ltr'>ciet,</span> <span class='ocrx_word' id='word_1_364' title='bbox 1238 3611 1280 3660; x_wconf 81' lang='lat' dir='ltr'>sed</span> 
     </span>
     <span class='ocr_line' id='line_1_43' title="bbox 211 3672 1278 3789; baseline 0.002 -5"><span class='ocrx_word' id='word_1_365' title='bbox 211 3687 279 3784; x_wconf 69' lang='lat' dir='ltr'>tit</span> <span class='ocrx_word' id='word_1_366' title='bbox 297 3673 670 3786; x_wconf 53' lang='lat' dir='ltr'>‘’mtrtiin‘niitt</span> <span class='ocrx_word' id='word_1_367' title='bbox 688 3672 730 3752; x_wconf 65' lang='lat'>¹²³·</span> <span class='ocrx_word' id='word_1_368' title='bbox 761 3672 924 3785; x_wconf 65' lang='lat' dir='ltr'>sinte</span> <span class='ocrx_word' id='word_1_369' title='bbox 943 3673 1278 3789; x_wconf 54' lang='lat' dir='ltr'>iiiiiiriiibtw?</span> 
     </span>
     <span class='ocr_line' id='line_1_44' title="bbox 211 3751 1283 3864; baseline 0 -18"><span class='ocrx_word' id='word_1_370' title='bbox 211 3751 383 3864; x_wconf 49' lang='lat' dir='ltr'>murflil’ccspit:</span> <span class='ocrx_word' id='word_1_371' title='bbox 413 3753 492 3859; x_wconf 79' lang='lat' dir='ltr'>maie3</span> <span class='ocrx_word' id='word_1_372' title='bbox 518 3817 575 3850; x_wconf 87' lang='lat' dir='ltr'>nam</span> <span class='ocrx_word' id='word_1_373' title='bbox 591 3753 731 3850; x_wconf 54' lang='lat' dir='ltr'>cldrumpgt</span> <span class='ocrx_word' id='word_1_374' title='bbox 762 3809 786 3848; x_wconf 86' lang='lat' dir='ltr'>et</span> <span class='ocrx_word' id='word_1_375' title='bbox 807 3817 869 3864; x_wconf 84' lang='lat' dir='ltr'>seqq.</span> <span class='ocrx_word' id='word_1_376' title='bbox 890 3815 964 3864; x_wconf 85' lang='lat' dir='ltr'>usqua</span> <span class='ocrx_word' id='word_1_377' title='bbox 986 3769 1017 3850; x_wconf 84' lang='lat' dir='ltr'>ad</span> <span class='ocrx_word' id='word_1_378' title='bbox 1035 3771 1113 3850; x_wconf 83' lang='lat' dir='ltr'>Rheb.</span> <span class='ocrx_word' id='word_1_379' title='bbox 1129 3753 1283 3851; x_wconf 59' lang='lat' dir='ltr'>gcimmsnisi.</span> 
     </span>
     <span class='ocr_line' id='line_1_45' title="bbox 213 3865 1279 3929; baseline 0.005 -19"><span class='ocrx_word' id='word_1_380' title='bbox 213 3866 731 3929; x_wconf 64' lang='lat' dir='ltr'>rdprimumrerpcnderetumetpcrtrcmo.</span> <span class='ocrx_word' id='word_1_381' title='bbox 763 3879 807 3926; x_wconf 78' lang='lat' dir='ltr'>que</span> <span class='ocrx_word' id='word_1_382' title='bbox 829 3867 999 3924; x_wconf 68' lang='lat' dir='ltr'>Germanos,</span> <span class='ocrx_word' id='word_1_383' title='bbox 1016 3865 1079 3928; x_wconf 89' lang='lat' dir='ltr'>quod</span> <span class='ocrx_word' id='word_1_384' title='bbox 1101 3867 1158 3914; x_wconf 89' lang='lat' dir='ltr'>bene</span> <span class='ocrx_word' id='word_1_385' title='bbox 1180 3867 1279 3915; x_wconf 82' lang='lat' dir='ltr'>restituit</span> 
     </span>
     <span class='ocr_line' id='line_1_46' title="bbox 214 3926 1280 4011; baseline 0.005 -36"><span class='ocrx_word' id='word_1_386' title='bbox 214 3926 298 4002; x_wconf 70' lang='lat' dir='ltr'>itaque</span> <span class='ocrx_word' id='word_1_387' title='bbox 312 3931 531 4004; x_wconf 74' lang='lat' dir='ltr'>primumrertitui,</span> <span class='ocrx_word' id='word_1_388' title='bbox 549 3928 732 4004; x_wconf 73' lang='lat' dir='ltr'>eteisententisr</span> <span class='ocrx_word' id='word_1_389' title='bbox 762 3929 876 4006; x_wconf 77' lang='lat' dir='ltr'>Freinsh.</span> <span class='ocrx_word' id='word_1_390' title='bbox 901 3929 1038 3992; x_wconf 86' lang='lat' dir='ltr'>Utriusque,</span> <span class='ocrx_word' id='word_1_391' title='bbox 1050 3930 1154 4011; x_wconf 63' lang='lat' dir='ltr'>¹Octavios</span> <span class='ocrx_word' id='word_1_392' title='bbox 1163 3939 1193 4006; x_wconf 71' lang='lat' dir='ltr'>¹ct</span> <span class='ocrx_word' id='word_1_393' title='bbox 1204 3931 1280 3980; x_wconf 88' lang='lat' dir='ltr'>Nero-</span> 
     </span>
     <span class='ocr_line' id='line_1_47' title="bbox 214 3992 1283 4120; baseline 0.004 -18"><span class='ocrx_word' id='word_1_394' title='bbox 214 3994 624 4120; x_wconf 44' lang='lat' dir='ltr'>{dirimit</span> <span class='ocrx_word' id='word_1_395' title='bbox 658 3992 730 4040; x_wconf 53' lang='grc' dir='ltr'>ΕΠ·</span> <span class='ocrx_word' id='word_1_396' title='bbox 762 3993 1283 4120; x_wconf 55' lang='lat' dir='ltr'>indiffinititttttaiii</span> 
     </span>
     <span class='ocr_line' id='line_1_48' title="bbox 248 4120 1280 4186; baseline 0.007 -21"><span class='ocrx_word' id='word_1_397' title='bbox 248 4121 285 4166; x_wconf 86' lang='lat' dir='ltr'>Ac</span> <span class='ocrx_word' id='word_1_398' title='bbox 296 4123 387 4182; x_wconf 79' lang='lat' dir='ltr'>prelia]</span> <span class='ocrx_word' id='word_1_399' title='bbox 406 4122 469 4170; x_wconf 73' lang='lat' dir='ltr'>cdd.</span> <span class='ocrx_word' id='word_1_400' title='bbox 492 4122 585 4170; x_wconf 83' lang='lat' dir='ltr'>Puteal.</span> <span class='ocrx_word' id='word_1_401' title='bbox 603 4123 659 4169; x_wconf 90' lang='lat' dir='ltr'>Ber.</span> <span class='ocrx_word' id='word_1_402' title='bbox 677 4120 731 4168; x_wconf 82' lang='lat' dir='ltr'>Alc.</span> <span class='ocrx_word' id='word_1_403' title='bbox 765 4123 860 4175; x_wconf 67' lang='lat' dir='ltr'>mnis,</span> <span class='ocrx_word' id='word_1_404' title='bbox 887 4122 950 4184; x_wconf 88' lang='lat' dir='ltr'>quod</span> <span class='ocrx_word' id='word_1_405' title='bbox 975 4137 1055 4170; x_wconf 89' lang='lat' dir='ltr'>omncs</span> <span class='ocrx_word' id='word_1_406' title='bbox 1081 4121 1188 4186; x_wconf 87' lang='lat' dir='ltr'>deinceps</span> <span class='ocrx_word' id='word_1_407' title='bbox 1209 4123 1280 4172; x_wconf 85' lang='lat' dir='ltr'>secuti</span> 
     </span>
     <span class='ocr_line' id='line_1_49' title="bbox 216 4184 1282 4250; baseline 0.008 -21"><span class='ocrx_word' id='word_1_408' title='bbox 216 4189 249 4242; x_wconf 86' lang='lat' dir='ltr'>ct,</span> <span class='ocrx_word' id='word_1_409' title='bbox 267 4184 330 4246; x_wconf 89' lang='lat' dir='ltr'>quod</span> <span class='ocrx_word' id='word_1_410' title='bbox 347 4185 451 4248; x_wconf 82' lang='lat' dir='ltr'>placebat</span> <span class='ocrx_word' id='word_1_411' title='bbox 467 4186 571 4234; x_wconf 85' lang='lat' dir='ltr'>Mureto.</span> <span class='ocrx_word' id='word_1_412' title='bbox 602 4184 680 4248; x_wconf 75' lang='lat' dir='ltr'>(Bud.</span> <span class='ocrx_word' id='word_1_413' title='bbox 696 4199 732 4242; x_wconf 85' lang='lat' dir='ltr'>cc,</span> <span class='ocrx_word' id='word_1_414' title='bbox 766 4193 826 4238; x_wconf 87' lang='lat' dir='ltr'>sunt,</span> <span class='ocrx_word' id='word_1_415' title='bbox 845 4193 872 4232; x_wconf 90' lang='lat' dir='ltr'>ut</span> <span class='ocrx_word' id='word_1_416' title='bbox 890 4187 971 4244; x_wconf 85' lang='lat' dir='ltr'>solent,</span> <span class='ocrx_word' id='word_1_417' title='bbox 990 4186 1111 4250; x_wconf 87' lang='lat' dir='ltr'>usquead</span> <span class='ocrx_word' id='word_1_418' title='bbox 1133 4187 1238 4236; x_wconf 85' lang='lat' dir='ltr'>Freinsh.</span> <span class='ocrx_word' id='word_1_419' title='bbox 1258 4198 1282 4237; x_wconf 87' lang='lat' dir='ltr'>et</span> 
     </span>
     <span class='ocr_line' id='line_1_50' title="bbox 216 4247 1282 4321; baseline 0.006 -27"><span class='ocrx_word' id='word_1_420' title='bbox 216 4247 471 4321; x_wconf 80' lang='lat' dir='ltr'>qucdrecepirRhen.)</span> <span class='ocrx_word' id='word_1_421' title='bbox 497 4250 734 4312; x_wconf 78' lang='lat' dir='ltr'>Pccdcmdauupta</span> <span class='ocrx_word' id='word_1_422' title='bbox 765 4247 797 4296; x_wconf 81' lang='lat' dir='ltr'>ric</span> <span class='ocrx_word' id='word_1_423' title='bbox 815 4248 884 4298; x_wconf 83' lang='lat' dir='ltr'>habet</span> <span class='ocrx_word' id='word_1_424' title='bbox 902 4250 971 4298; x_wconf 79' lang='lat' dir='ltr'>etiam</span> <span class='ocrx_word' id='word_1_425' title='bbox 988 4251 1043 4298; x_wconf 89' lang='lat' dir='ltr'>MS.</span> <span class='ocrx_word' id='word_1_426' title='bbox 1062 4251 1140 4308; x_wconf 76' lang='lat' dir='ltr'>(iucif.</span> <span class='ocrx_word' id='word_1_427' title='bbox 1174 4252 1282 4300; x_wconf 86' lang='lat' dir='ltr'>Verbum</span> 
     </span>
     <span class='ocr_line' id='line_1_51' title="bbox 217 4312 1283 4377; baseline 0.004 -19"><span class='ocrx_word' id='word_1_428' title='bbox 217 4319 287 4358; x_wconf 81' lang='lat' dir='ltr'>ecam</span> <span class='ocrx_word' id='word_1_429' title='bbox 304 4312 358 4372; x_wconf 83' lang='lat' dir='ltr'>dici,</span> <span class='ocrx_word' id='word_1_430' title='bbox 376 4314 440 4376; x_wconf 81' lang='lat' dir='ltr'>apud</span> <span class='ocrx_word' id='word_1_431' title='bbox 455 4325 533 4377; x_wconf 76' lang='lat' dir='ltr'>poetas</span> <span class='ocrx_word' id='word_1_432' title='bbox 548 4314 663 4377; x_wconf 85' lang='lat' dir='ltr'>inprimis,</span> <span class='ocrx_word' id='word_1_433' title='bbox 679 4313 735 4362; x_wconf 78' lang='lat' dir='ltr'>saus</span> <span class='ocrx_word' id='word_1_434' title='bbox 754 4314 825 4360; x_wconf 79' lang='lat' dir='ltr'>&#39;ciere</span> <span class='ocrx_word' id='word_1_435' title='bbox 837 4315 957 4375; x_wconf 89' lang='lat' dir='ltr'>proprium</span> <span class='ocrx_word' id='word_1_436' title='bbox 968 4315 1042 4362; x_wconf 87' lang='lat' dir='ltr'>intali</span> <span class='ocrx_word' id='word_1_437' title='bbox 1049 4331 1073 4362; x_wconf 85' lang='lat' dir='ltr'>re</span> <span class='ocrx_word' id='word_1_438' title='bbox 1080 4317 1184 4364; x_wconf 87' lang='lat' dir='ltr'>verbum.</span> <span class='ocrx_word' id='word_1_439' title='bbox 1207 4315 1283 4364; x_wconf 77' lang='lat' dir='ltr'>Eur.</span> 
     </span>
    </p>
   </div>
   <div class='ocr_carea' id='block_1_4' title="bbox 0 0 1552 4950">
    <p class='ocr_par' dir='ltr' id='par_1_4' title="bbox 0 0 1552 4950">
     <span class='ocr_line' id='line_1_52' title="bbox 0 0 1552 4950; baseline 0 0"><span class='ocrx_word' id='word_1_440' title='bbox 0 0 1552 4950; x_wconf 95' lang='lat' dir='ltr'> </span> 
     </span>
    </p>
   </div>
  </div>
 </body>
</html>
