3042 4950
248 271 277 311 ι.
291 271 317 311 0.
333 252 395 326 sa]
619 254 694 312 Ltss.
715 253 798 313 xiv.
821 254 911 311 car.
931 258 959 316 7.
1257 256 1312 318 ιιι

261 452 265 459 ·
290 418 370 482 vll.
392 418 441 480 At
454 415 573 479 Neroni
586 401 712 477 nuntios
725 414 840 509 patrati
853 412 996 477 facinoris
1009 416 1191 563 opperienti,
1206 418 1307 483 adfer·

247 512 311 577 tur,
327 509 349 541 ‘⁴
363 500 496 565 evasisse
508 500 572 562 ictu
586 497 646 563 levi
661 521 807 575 sauciam,
820 510 851 561 et
861 497 1010 563 hactenus
1062 500 1105 565 'to
1115 502 1300 584 discrimine,

246 609 286 649 ne
298 600 407 650 auctor
420 584 644 649 ductaretur?
666 584 754 648 Tum
768 605 882 669 pavore
893 584 1052 661 exanimis,
1062 601 1094 649 et
1107 592 1129 624 “
1141 588 1208 673 jam
1221 591 1302 676 jam.

245 694 309 755 qne
330 670 466 747 adfore‚”
489 670 656 746 obtestans,
683 676 704 708 “
724 667 871 733 vindictoe
895 689 1069 755 properam,
1095 671 1158 735 sive
1179 675 1303 739 servitia

243 767 387 832 armaret,
402 754 452 819 vel
464 754 593 819 militem
608 754 797 832 accenderet,
809 752 871 819 sive
884 753 926 817 ed
942 756 1089 818 Senatum
1099 768 1131 819 et
1141 756 1301 842 Populum

243 839 436 925 pervaderet,
454 840 652 927 naufragium
668 853 699 903 et
713 839 828 903 vulnus
845 849 877 902 et
894 838 1070 903 interfectos
1087 840 1201 905 amicos
1220 843 1302 929 obji-
1400 900 1403 907 .
1456 886 1459 893 ·

243 924 374 990 ciendo:
400 926 488 1011 quod
510 940 618 990 contra
641 924 815 989 subsidium
839 922 921 989 sibit
945 924 1003 987 nisi
1027 924 1105 1009 quid
1122 928 1251 991 Burrus
1270 942 1301 993 et

244 1012 360 1077 Seneca
372 1010 542 1097 reperirent
552 1011 582 1083 ;”
595 1032 675 1095 quos
688 1009 790 1073 statim
802 1007 962 1086 acciverat,
973 1008 1123 1075 incertum
1134 1026 1216 1077 anet
1229 1027 1301 1078 ante

286 1118 364 1159 aros.
409 1095 514 1181 Igitur
527 1095 657 1179 longum
671 1094 834 1241 utrifflue
848 1092 1014 1172 silentium,
1030 1116 1069 1159 ne
1082 1096 1165 1161 inriti
1179 1094 1299 1165 dissuass

242 1117 362 1259 disent,
388 1202 428 1244 an
451 1203 489 1243 eo
516 1179 695 1243 descensum
722 1201 739 1241 c
796 1178 898 1255 ebent,
924 1190 970 1256 ut,
995 1179 1052 1243 nisi
1080 1182 1303 1267 praeveniretur

242 1264 430 1351 Agrippina,
444 1264 638 1349 pereundum
653 1263 771 1327 Neroni
788 1275 875 1327 esset.
920 1265 996 1327 Post
1011 1264 1138 1344 Seneca,
1152 1267 1300 1335 hactenus

241 1528 344 1591 accipias,
354 1528 507 1577 simulationis
516 1529 559 1595 qui
567 1530 654 1577 mendo
661 1529 754 1578 hindari
788 1527 825 1576 vel
835 1530 1018 1591 cupiscarurtur,
1026 1531 1089 1594 quod
1099 1538 1123 1579 et
1133 1531 1190 1579 mibi
1200 1532 1224 1579 in
1233 1546 1299 1580 men-

240 1593 321 1670 poscit,
339 1607 387 1641 non
404 1600 506 1657 apparet
535 1594 609 1641 Adita
628 1593 704 1641 Rhea.
724 1608 753 1640 ex
785 1600 832 1641 tem
849 1602 948 1654 venerat,
965 1609 1013 1657 quo
1028 1609 1097 1643 sensu
1113 1594 1161 1643 Oic.
1178 1595 1202 1643 in
1220 1596 1298 1643 Pison.

240 1657 339 1719 ingenio.
452 1664 455 1669 '
785 1658 823 1704 28.
847 1658 923 1705 Nihil
932 1661 1063 1719 expiscatus
1076 1665 1126 1706 err:
1137 1667 1161 1707 et
1171 1662 1296 1721 ep.9,19.

274 1721 342 1776 Quod
352 1727 431 1768 contra
440 1720 569 1768 subsidium
576 1722 632 1785 rili]
645 1720 753 1768 &mana
785 1719 893 1768 Pichenae
908 1722 1012 1785 placebat
1023 1724 1170 1784 reperirent:
1188 1724 1231 1772 hoc
1241 1739 1296 1771 cum

239 1783 317 1844 editio,
333 1787 476 1845 suffragium
494 1786 561 1831 sibi?
588 1786 639 1834 Nec
659 1784 754 1833 ι1ιιιιιιιοι
784 1782 839 1847 Bip.
856 1785 946 1849 recepit
963 1786 1085 1849 vulgatum
1101 1796 1161 1835 certe
1177 1796 1236 1836 stare
1255 1802 1296 1836 ne·

239 1848 300 1895 Sane
313 1849 441 1912 suffragari,
454 1848 562 1909 adjuvare
576 1858 681 1913 etcpem
695 1848 753 1897 ferre
784 1848 842 1910 quit.

241 1920 297 1970 est;
316 1921 344 1960 ut
364 1913 480 1975 refragari,
502 1912 617 1960 obsistere.
649 1912 708 1960 Inde
730 1921 753 1960 et
816 1915 940 1961 {etcertum
954 1928 986 1961 ars
999 1920 1022 1961 et
1034 1921 1087 1962 uate
1102 1916 1211 1979 igrscror]
1227 1915 1298 1964 Fides

238 1975 373 2038 refragium
384 1976 447 2041 quod
459 1976 546 2024 Grada
558 1978 685 2031 ἐναντιότης.
702 1976 752 2024 Hc·
783 1974 835 2034 tibi,
847 1976 948 2036 Corneli,
961 1978 1034 2040 magia
1049 1993 1117 2037 cure,
1132 1994 1203 2041 quam
1217 1979 1297 2038 Dioni,

239 2040 348 2103 gesippua
366 2042 391 2098 5,
410 2041 449 2096 27.
486 2041 632 2088 Gubernator
653 2042 753 2101 oiliqzuu
784 2038 825 2101 qui
836 2041 876 2098 iil,
890 2042 927 2087 12.
961 2041 1070 2088 Senecam
1084 2051 1200 2091 auctorem
1210 2043 1298 2107 impul.

240 2106 344 2151 uelorum
358 2107 433 2165 duur,
444 2111 468 2152 et
480 2107 531 2151 sinc
545 2104 651 2165 refragio
665 2106 752 2151 adedi-
784 2115 904 2179 curemque
919 2103 1014 2150 unicum
1027 2104 1116 2152 Nemni
1131 2106 1182 2165 ejus
1197 2106 1298 2155 criminis

239 2174 281 2276 iar
296 2169 410 2229 fretam:
431 2182 506 2231 caque
525 2181 580 2217 soce
600 2175 624 2214 et
644 2167 684 2214 alii
707 2168 753 2217 usi.
782 2164 850 2214 facit:
862 2167 1007 2231 idqueafide
1015 2168 1090 2231 dignis
1097 2169 1177 2218 multis
1185 2169 1297 2218 badium

262 2243 316 2278 rra.
785 2242 839 2277 esse.

267 2296 619 2358 Quodconirmbtidiumeibi]
627 2294 665 2342 Sic
671 2309 752 2344 omncs
814 2293 878 2340 Ἀλλ1
890 2296 938 2354 ipis
955 2294 1032 2342 sirm
1048 2296 1114 2356 iupis
1130 2297 1156 2343 isi
1173 2296 1295 2353 cribreris

237 2359 293 2407 inde
310 2375 325 2407 a
341 2360 432 2407 Puteal.
449 2360 474 2407 in
492 2360 528 2407 ed.
546 2374 582 2421 pr.
600 2362 751 2422 suffragium.
841 2357 929 2414 <irrita

238 2421 297 2472 lude
318 2424 447 2472 Groslotius
468 2424 594 2486 corrigebat
611 2426 663 2485 ruff
694 2426 750 2481 um,
782 2419 857 2469 Iales-
892 2420 946 2469 Hoc
961 2422 1058 2471 Tacitus
1075 2423 1145 2480 addit,
1163 2433 1191 2474 ut
1206 2425 1238 2474 ali
1253 2426 1295 2475 uid

237 2488 299 2597 pund
313 2489 431 2551 probabile
444 2487 471 2536 fit
485 2503 499 2535 e
514 2488 564 2536 looo
577 2489 655 2536 Senon
687 2489 751 2538 eim
781 2484 845 2532 daret
859 2485 937 2534 invido
951 2489 1045 2548 rumori,
1058 2489 1236 2553 quincumque
1266 2508 1295 2538 u-

161 2588 168 2593 .
253 2584 262 2609 ,
275 2551 312 2598 ll.
323 2551 365 2598 ubi
374 2565 421 2598 non
437 2566 499 2599 unus
512 2551 571 2599 liber
584 2551 654 2598 habet
664 2556 750 2614 saffra.
779 2549 819 2608 jus
830 2550 904 2613 culpae
914 2550 1033 2614 alligarit;
1050 2552 1113 2614 quod
1124 2553 1219 2602 Tacitus
1233 2554 1296 2602 affir-

232 2617 277 2675 gio
299 2630 341 2677 pro
356 2617 469 2676 suffugia,
486 2629 629 2677 quamquam
643 2615 703 2662 illud
717 2618 750 2664 ibi
780 2625 844 2659 mare
863 2614 944 2660 noluit.
975 2615 1009 2661 Et
1027 2615 1076 2662 sine
1094 2616 1165 2664 dubio
1185 2618 1294 2680 intelligit

235 2680 334 2740 probant
348 2679 461 2726 Gruterus
477 2688 500 2727 ct
516 2678 618 2740 Lipsius,
636 2679 705 2738 male,
722 2690 749 2728 us
780 2676 877 2736 &noros
888 2677 1022 2724 insidiarum
1035 2678 1059 2725 in
1070 2678 1235 2745 Agrippinam,
1247 2695 1294 2729 non

235 2743 331 2804 opinor:
354 2743 436 2790 deindo
452 2742 534 2791 Ovidii
553 2743 613 2789 Nuo.
633 2742 687 2790 119.
706 2744 748 2791 obi
779 2737 851 2799 hujus
867 2747 959 2788 tantum
974 2742 1033 2789 irriti
1048 2743 1124 2805 coepti.
1157 2746 1241 2808 Neque
1253 2749 1294 2794 ob.

234 2808 377 2868 suffragium
387 2821 429 2868 pro
439 2809 577 2868 saffugimn,
589 2805 659 2853 etiam
669 2817 748 2855 contra
780 2809 841 2850 stant
851 2814 986 2866 argumente
995 2805 1118 2854 Vertranii.
1137 2807 1202 2866 Quid
1209 2809 1271 2856 enim
1281 2812 1293 2858 i

234 2878 336 2918 metrum
346 2872 474 2933 irrepserat,
484 2873 582 2932 ejecnrm
591 2871 640 2930 jum
649 2871 679 2918 ab
687 2870 746 2918 lira-
779 2865 871 2914 Burrus
877 2871 989 2929 promisit
1000 2872 1143 2932 Agrippinae
1154 2879 1260 2932 mortem,
1272 2876 1294 2921 si

234 2948 285 2982 amo
295 2935 391 2996 aliisque
396 2934 521 2982 «litoribus
530 2933 608 2981 doctis.
626 2933 695 2982 Unde
706 2949 747 2998 ap-
771 2930 892 2991 fhoirscrir
900 2941 1065 2994 coargueretur
1074 2950 1083 2988 ,.·
1094 2950 1148 2998 ergo
1158 2944 1181 2982 et
1191 2937 1293 2986 conscius

234 3007 307 3062 paint,
328 2997 396 3045 valde
416 3012 500 3059 pronos
520 2997 624 3045 librarios
642 2997 666 3043 in
688 2997 748 3046 hunc
778 2992 831 3054 fuit,
843 3009 896 3042 cum
907 2995 956 3043 sine
966 2997 1068 3056 ciimine,
1080 2998 1128 3046 sine
1140 3001 1292 3062 accusatione,

233 3061 390 3109 municionem
407 3060 484 3108 inisse.
517 3062 563 3110 Sed
583 3061 701 3124 acquiesco
722 3063 747 3109 in
779 3056 962 3108 interficeretur?
979 3061 1050 3120 Dein,
1062 3061 1149 3111 Senam
1158 3064 1235 3111 Acten
1246 3064 1291 3111 im.

234 3125 337 3188 volgato,
352 3124 408 3190 quio
422 3125 480 3172 nihil
491 3125 566 3172 similo
575 3125 589 3172 α’
599 3125 671 3172 MSS.
681 3135 746 3174 noto.
778 3120 849 3174 misit,
861 3131 889 3170 ut
898 3124 1032 3186 preveniret
1041 3123 1162 3187 incestum,
1174 3142 1228 3192 ergo
1238 3143 1292 3191 pcr-

234 3197 285 3236 mm
301 3189 374 3244 video,
390 3196 417 3236 ot
431 3189 456 3236 in
476 3191 604 3236 asadiam
622 3191 747 3238 consentire
778 3183 883 3234 ricidium
905 3187 1016 3249 probavit
1051 3187 1130 3238 lmmc
1150 3199 1202 3238 tum
1223 3206 1292 3240 nerno

234 3251 360 3300 vidcanuu.
387 3252 458 3315 Ean.
486 3253 595 3300 Grcslotii
616 3255 746 3315 suffugium
778 3247 890 3310 credebat,
913 3253 944 3298 cd
965 3253 1050 3299 cedem
1072 3255 1152 3302 metris
1165 3257 1217 3316 filii
1238 3257 1292 3303 odia

232 3317 331 3377 probant
349 3315 404 3379 Bip.
424 3316 524 3364 (iruoeio
541 3317 645 3379 phoebos
661 3321 745 3379 uffa.
778 3312 903 3361 duratura.
925 3313 1033 3378 Denique
1044 3316 1092 3363 Dio
1102 3333 1156 3366 cum
1166 3320 1291 3382 compluri-

231 3382 311 3442 gium.
776 3376 821 3427 hus
843 3377 890 3425 suis
911 3378 954 3425 hac
976 3379 1000 3426 in
1022 3395 1046 3426 re
1063 3380 1128 3429 nulla
1146 3382 1192 3430 fide
1206 3383 1291 3446 dignus

265 3446 326 3492 Not
341 3445 399 3505 quta
410 3447 507 3493 Borrae
522 3450 545 3491 et
562 3446 648 3492 Sem
662 3461 744 3508 expo.
777 3449 820 3497 esi,
832 3442 973 3502 optimorum
988 3457 1002 3490 e
1018 3443 1131 3494 Romanis
1147 3447 1289 3495 obmutui.

229 3510 391 3572 guoerrmur]
411 3509 467 3557 MS.
483 3507 546 3555 Bud
564 3517 587 3556 et
606 3509 684 3557 Gueli.
702 3510 745 3558 ha.
777 3501 868 3551 ceos.
900 3504 945 3553 Vir
958 3505 1038 3554 doctus
1053 3508 1079 3554 in
1091 3509 1127 3557 ed.
1139 3510 1228 3572 Gryph.
1241 3525 1291 3558 cor·

231 3573 287 3619 berit
307 3580 447 3634 expurgent,
470 3571 510 3619 sod
530 3571 570 3619 illo
591 3587 655 3621 erm
674 3573 744 3636 piiofi
776 3576 969 3644 rexeratgocror.
1004 3570 1075 3619 Ean.
1104 3573 1289 3636 Siceitelegen-

231 3635 350 3697 aoriptara.
377 3637 440 3683 Ποῖ.
453 3651 587 3697 expergens.
611 3637 744 3699 Agrieeo.
776 3629 841 3692 dum,
861 3647 886 3679 ιιι
903 3639 926 3680 ct
943 3633 999 3682 velis
1017 3633 1099 3695 delere,
1122 3636 1185 3699 quod
1206 3637 1289 3686 fccuat

227 3700 452 3764 protsrreatrquod
462 3699 669 3762 recepitllyckius.
696 3701 743 3748 Ed.
775 3693 901 3744 Emodus
935 3697 1043 3746 Cetemm
1058 3698 1203 3750 Dicnisbl.
1218 3701 1288 3750 fidem

247 3776 265 3808 r.
282 3769 393 3824 expertes.
429 3764 559 3826 vulgatum
575 3772 609 3810 est
626 3779 641 3811 a
657 3764 745 3812 Puteo.
774 3755 855 3807 fulcire
864 3761 954 3808 laborat
963 3761 1093 3812 Reimarus.

229 3776 292 3884 lanc,
311 3841 358 3873 non
380 3827 504 3886 Beroaldo,
525 3826 550 3873 in
570 3842 639 3890 quem
660 3829 745 3877 frustra
807 3823 920 3886 Longum
941 3829 1063 3887 uirimqsoe
1082 3829 1132 3892 sil]
1154 3827 1210 3878 MS·
1224 3829 1284 3904 Agr.

229 3887 345 3937 invehitur
354 3889 378 3938 J.
389 3891 536 3947 Gronovius3
552 3891 671 3954 ipsenrire
685 3893 743 3940 inb.
775 3888 891 3948 ”iricius
916 3888 1148 3954 caprarumque.
1177 3893 1289 3945 Heinsius

230 3951 247 3999 1.
265 3953 404 4013 immotam,
423 3953 493 4002 modo
514 3962 653 4018 expurgent,
675 3957 745 4005 modo
776 3951 912 4012 conjiciebat
934 3955 1037 4016 utriqw.
1078 3955 1139 4004 Mox
1160 3972 1192 4004 aa
1213 3956 1288 4007 MSS.

231 4020 375 4079 samguis,
393 4017 467 4066 modo
485 4021 617 4080 affigetis
634 4028 742 4079 touton„
775 4013 838 4060 inor.
849 4015 912 4063 Bud.
923 4015 959 4064 ed.
970 4032 1005 4079 pr.
1017 4027 1136 4081 sequentes
1146 4027 1175 4068 et.
1198 4021 1245 4069 Sed
1255 4037 1288 4069 aa

230 4080 314 4190 ffiuo
328 4082 435 4130 omnibus
450 4081 509 4129 nihil
523 4082 573 4128 „ni
582 4083 648 4130 inm,
680 4084 743 4143 Qui.
775 4077 833 4126 bene
850 4080 948 4128 restituit
966 4081 1073 4130 Pichena.
1107 4083 1202 4142 Reddit,
1224 4099 1288 4134 more

293 4144 564 4208 volueruntrrpedircut.
579 4146 650 4194 Ean.
665 4148 742 4196 chh.
775 4155 824 4202 ⁸¹1⁰,
844 4159 934 4193 caussas
953 4143 1043 4200 silentii,
1063 4145 1102 4194 sed
1119 4147 1249 4196 dubitanter
1265 4157 1288 4197 et

231 4210 378 4269 expungebat
392 4211 417 4256 ot
427 4212 492 4270 quta.
513 4211 596 4258 Heius.
610 4212 744 4273 conjiciebat
775 4205 861 4270 duplici
872 4211 1008 4270 coniectura.
1026 4210 1082 4258 Post
1092 4225 1134 4273 pro
1140 4219 1195 4273 port
1206 4213 1285 4262 Gneli.

231 4273 349 4331 expergiti
363 4281 498 4333 suggerant.
532 4275 616 4322 Hillcr.
629 4276 686 4323 Rae.
704 4277 740 4322 ll.
771 4273 850 4332 prior,
860 4273 929 4323 male.
945 4273 1015 4321 Eun.
1035 4275 1081 4322 Pro
1084 4279 1216 4339 promptior
1224 4277 1288 4326 Bud.

231 4335 313 4395 probat
328 4334 353 4382 sl
368 4346 535 4397 caprorrscreut,
547 4338 609 4402 quod
622 4339 692 4388 babes
705 4342 743 4400 13,
772 4340 899 4396 pronitus.

231 4399 271 4445 ts.
283 4397 320 4447 sel
329 4405 447 4461 expulerit,
456 4409 482 4447 ut
492 4417 529 4464 ap.
546 4402 594 4450 Cic.
603 4418 638 4464 ep.
654 4404 691 4464 10,
703 4407 741 4452 24.
