3042 4950
230 285 263 325 A.
278 286 304 327 c.
321 268 382 339 ou]
629 264 708 325 Lru.
723 262 805 324 XVI.
821 263 908 325 CAP.
927 268 956 322 4.
1194 346 1203 355 ι
1231 266 1286 324 331

231 429 320 493 illum
344 429 446 492 locum
471 428 613 515 promissi
639 448 755 515 specus.
772 428 943 502 adseverat,
967 434 1205 510 sequunturque
1228 446 1291 487 non

231 514 326 578 modo
340 512 461 591 milites,
477 512 531 577 sed
544 513 680 600 populus
693 511 873 600 agrestium,
891 510 1049 575 efficiendo
1058 510 1145 597 operi
1167 508 1293 573 adsum-

231 610 316 685 ptus,
330 598 465 675 tandem,
476 598 576 685 posita
589 597 742 675 vecordia,
759 604 782 637 “
790 619 853 660 non
861 596 940 660 falsa
952 606 1024 659 aute
1036 596 1155 659 somnia
1168 616 1235 671 sua,
1247 619 1293 659 se-

231 706 294 768 que
317 698 393 747 tunc
415 682 551 769 primum
574 683 725 760 elusum,”
749 681 916 760 admirans,
940 680 1092 767 pudorem
1117 693 1150 745 et
1172 695 1292 744 metum

231 778 331 833 morte
345 767 519 832 voluntaria
532 769 651 855 effugit
688 766 838 843 Quidam,
854 774 876 807 “
885 766 1035 843 vinctum,
1050 787 1086 829 ac
1100 785 1175 828 mox
1188 761 1293 831 dimia-

233 854 332 931 aum‚”
345 852 512 929 tradidere,
529 851 713 938 “ademptis
726 850 829 929 bonis,
841 851 873 914 in
888 852 992 916 locum
1001 850 1096 946 regiae
1109 849 1226 935 gazae?
1285 880 1290 887 ·

275 939 331 1001 IV.
356 937 478 1001 Interea
492 937 636 1015 Senatus,
650 936 828 1022 propinquo
840 938 909 1035 jam
929 934 1048 999 lustrah
1063 932 1238 1011 certamine,
1252 949 1292 1001 ut

232 1022 367 1085 dedecus
381 1035 543 1100 averteret,
557 1023 647 1086 offert
663 1023 849 1105 Imperatori
872 1020 1064 1083 “victoriam
1078 1020 1216 1095 cantus,”
1237 1021 1293 1085 ad-

228 1106 359 1192 jicitque
368 1106 549 1171 “facundiae
558 1106 802 1191 coronam,'’qua
810 1105 929 1168 ludicra
939 1103 1118 1168 deformitas
1128 1104 1292 1171 velaretur.

234 1191 296 1254 Sed
316 1192 413 1268 Nero,
434 1197 456 1228 “
468 1190 545 1252 nihil
567 1191 698 1267 ambitu,
717 1212 774 1251 nec
787 1202 939 1274 potestate
959 1190 1091 1251 Senatus
1104 1211 1183 1274 opus
1197 1192 1294 1268 esse,'’

233 1273 387 1351 dictitans,
404 1282 425 1312 “
436 1297 468 1337 se
483 1293 609 1359 aequurn
623 1274 771 1337 adversus
785 1272 924 1350 aemuloa
938 1285 971 1335 et
983 1271 1132 1358 religione
1148 1275 1293 1359 judicum

232 1359 375 1421 meritam
396 1358 522 1422 laudem
536 1359 786 1437 adsecuturum,”
809 1358 910 1443 primo
924 1378 1048 1420 carmen
1066 1356 1100 1420 in
1116 1381 1206 1423 scena
1218 1361 1296 1425 reci-

231 1529 326 1579 avaritia
333 1536 356 1577 et
365 1529 442 1577 labore
449 1528 558 1591 fatigem
574 1528 747 1577 donectandem
778 1527 823 1591 ipsi
844 1528 901 1577 anui
916 1536 1016 1592 quatuor
1029 1528 1152 1590 intersunt,
1172 1534 1194 1576 et
1211 1528 1295 1591 quinto

231 1593 286 1643 fessi
303 1600 326 1641 et
342 1593 406 1641 inriti
425 1594 558 1651 clamarent,
579 1595 681 1641 Duceret
691 1596 751 1655 jam,
779 1605 841 1641 nune
856 1607 919 1642 anno
939 1592 1030 1651 editur3
1051 1601 1092 1640 eut
1112 1608 1191 1641 omnes
1212 1593 1295 1641 calculi

232 1672 276 1719 quo
293 1657 368 1768 aggldet,
384 1659 624 1769 ratispfetpcarralpum
640 1657 747 1767 stultitlip
778 1655 927 1783 nsreaaff‘allerurfit.
958 1655 1044 1767 tigna.
1074 1657 1295 1771 AE4ppguupgt

232 1738 282 1771 euoe
346 1736 396 1768 aare.
468 1735 541 1769 u.m
582 1734 745 1767 om.c..
914 1735 947 1767 m.
1023 1754 1030 1767 .
1123 1752 1192 1767 ..

233 1785 309 1835 uns.
340 1784 414 1833 Ean.
621 1735 637 1783 p
782 1784 833 1832 rius
847 1784 929 1831 Docte.
943 1736 1073 1847 Temiiffi.
1086 1782 1295 1833 11.c.15.deieo-

265 1851 332 1896 Dum
343 1850 405 1897 brusa
417 1850 531 1897 velillum
542 1850 625 1910 locam,
638 1847 691 1909 eta]
709 1848 747 1896 Ita
781 1848 817 1895 dit
834 1847 952 1907 Tacitum,
976 1864 1006 1895 err
1026 1863 1063 1907 eo,
1081 1848 1145 1912 quod
1167 1849 1211 1896 iata
1234 1862 1296 1910 agore

232 1913 307 1963 MSS.
318 1912 384 1963 Flor.
397 1912 543 1975 (Bud.)edd.
559 1911 614 1959 iude
624 1928 639 1959 a
653 1911 745 1961 Puteol.
782 1911 961 1976 quinquennalis
976 1911 1054 1970 fuerit,
1070 1912 1087 1959 ‘a
1104 1928 1126 1959 e.
1143 1912 1246 1975 quinque
1258 1928 1295 1960 ao-

232 1992 321 2035 omnes,
338 1977 384 2024 nisi
401 1976 463 2039 quod
479 1975 517 2024 hic
533 1977 568 2039 (et
585 1976 659 2036 uua)
677 1976 747 2025 habet
781 1976 835 2023 lidia
855 1975 922 2023 annis
941 1975 1081 2023 vementibus
1101 1976 1249 2035 instauratus,
1265 1975 1296 2025 sd

228 2043 319 2103 promi,
336 2040 400 2100 vitio,
417 2049 444 2087 ut
459 2040 548 2103 opinor,
564 2054 694 2103 opmmum,
712 2055 747 2087 se·
781 2040 879 2088 modum
894 2039 962 2087 lustri
980 2040 1091 2100 Romani,
1108 2054 1155 2090 non
1171 2039 1296 2103 Olympie-

232 2114 326 2167 quente,
342 2113 369 2152 ut
384 2105 451 2164 solet,
468 2103 554 2153 nisio:
589 2102 635 2151 uod
650 2103 746 2151 Beroal-
782 2103 825 2151 dia.
869 2103 998 2152 Victoriam
1018 2104 1119 2152 Neronia
1139 2105 1245 2161 alteram,
1265 2106 1297 2153 ab

231 2168 275 2215 dus
291 2168 389 2215 correxit
405 2170 525 2229 promissi
609 2183 667 2231 ‚pa
691 2167 745 2215 MS.
782 2166 884 2215 Eusebio
905 2175 1017 2225 notatam,
1038 2182 1086 2215 nou
1110 2168 1182 2217 fuisse
1201 2167 1296 2215 soeundi

231 2233 291 2293 Agr.
307 2246 355 2278 non
367 2232 454 2281 habent
464 2233 579 2293 pomasi
593 2246 679 2292 pecua
713 2231 747 2278 At
781 2231 862 2293 agonis
877 2230 1085 2294 Neroneidequo
1097 2230 1201 2279 Tacitus.
1235 2232 1296 2281 Saue

232 2295 306 2343 MSS.
323 2294 400 2343 Oxou.
419 2296 499 2344 Guelf.
520 2297 577 2343 dum
592 2296 634 2342 hoc
653 2296 690 2341 orl
705 2296 747 2341 uto
783 2293 879 2343 Tacitus
893 2295 944 2357 ipse
954 2296 1080 2345 amdam
1095 2296 1198 2343 taetram
1213 2308 1294 2343 vome

233 2360 367 2420 tocoproon
382 2374 468 2421 penu.
500 2358 561 2407 Mox
577 2365 645 2406 antea
659 2358 746 2406 eFior.
782 2357 811 2405 de
834 2359 901 2406 annis
926 2358 1031 2422 quinque
1055 2358 1134 2410 solidis
1154 2358 1180 2406 id
1203 2358 1229 2405 in
1252 2359 1297 2410 hoe

231 2423 317 2486 recepit
332 2422 442 2483 Pichena,
468 2438 521 2471 cum
538 2438 601 2498 seqq.
619 2422 673 2486 Ego
693 2428 747 2470 onte
782 2436 855 2497 regom
876 2422 1036 2486 acdpiaedum
1054 2438 1110 2485 esse,
1130 2431 1233 2472 aoranae
1252 2422 1296 2472 ho·

232 2487 328 2547 servavi,
337 2488 401 2551 quod
410 2502 490 2535 omues
506 2487 546 2535 eiii
561 2487 615 2535 lrbri
627 2486 661 2551 (et
671 2487 746 2545 Bud.)
782 2485 820 2534 dre
834 2487 867 2534 ait
884 2487 971 2550 Pagina
982 2485 1042 2536 cac
1056 2487 1115 2536 Bar.
1129 2487 1160 2536 ad
1174 2503 1196 2536 a.
1211 2487 1241 2536 C.
1256 2489 1297 2537 60.

232 2552 325 2610 habent,
348 2560 375 2599 ut
387 2551 513 2599 multitudo
527 2551 695 2611 ὅμοιοτιλῴτωι
710 2551 745 2598 vi·
783 2549 1037 2614 Cumeumngonaad
1048 2553 1143 2600 modum
1159 2544 1297 2600 erm

233 2622 327 2664 teretur.
359 2615 431 2663 Eun.
782 2616 936 2661 certaminum
951 2615 1160 2678 institutumsarpe
1176 2615 1239 2664 idem
1261 2616 1298 2664 di·

265 2680 339 2739 Sequa
354 2686 409 2726 tanc
418 2682 527 2740 primum
545 2680 586 2741 at]
608 2680 674 2724 Tarra
692 2693 746 2728 sane
782 2677 822 2737 cit,
838 2677 862 2724 id
878 2677 909 2728 de
923 2678 970 2725 ritu
986 2688 1010 2726 et
1023 2692 1106 2742 genere
1124 2678 1233 2726 ludorum
1253 2695 1296 2742 po·

234 2742 311 2790 referri
343 2751 418 2804 potest
444 2743 474 2790 ad
503 2753 550 2790 tem
568 2756 605 2800 us,
634 2756 682 2804 quo
708 2757 745 2790 so-
782 2741 836 2801 tius,
875 2756 948 2805 quam
988 2751 1090 2805 tempore
1127 2742 1295 2806 accipiendum.

232 2807 324 2853 muium
340 2805 436 2854 habuit:
458 2807 498 2854 sed
513 2821 538 2852 m
562 2805 597 2852 'us
607 2815 665 2867 puto
675 2821 743 2853 nanc.
783 2805 867 2868 Neque
889 2814 967 2853 umen
989 2806 1110 2854 commode
1131 2806 1246 2855 Eusebius
1268 2808 1297 2856 de

233 2869 298 2917 Bene
312 2878 459 2934 opponuntur
478 2876 546 2916 antee
564 2877 587 2915 et
604 2883 683 2924 auom
699 2884 745 2918 uon
782 2868 841 2916 alius
855 2869 986 2917 certaminis
1001 2884 1084 2918 ooroua
1099 2870 1217 2932 accipitur,
1234 2872 1298 2934 quod

232 2941 299 2981 sowa
310 2943 333 2981 et
343 2940 405 2980 tanc.
440 2931 488 2981 Pro
503 2935 609 2995 priorum
626 2931 746 2981 Broteriua
783 2934 852 2994 quale
870 2933 940 2980 fuerit
958 2941 982 2980 et
1000 2948 1048 2996 qua
1063 2933 1093 2981 de
1108 2948 1189 2983 cauma
1204 2935 1296 2983 iustitu-

233 2997 300 3044 malit
306 2997 476 3058 primoeMS.
488 2997 547 3059 Reg.
567 2995 635 3044 eted.
652 3012 686 3058 pr.
700 2997 746 3045 Sed
782 3004 843 3054 tum,
876 3011 923 3043 non
956 2996 1040 3045 dixerit
1074 2998 1154 3062 utique
1181 2998 1298 3047 Patavina.

233 3061 258 3108 id
279 3075 357 3122 sensus
379 3075 426 3107 nou
444 3060 536 3123 petitur.
577 3061 648 3108 Ean.
681 3059 746 3109 Bud.
783 3060 868 3118 Quid?
887 3060 1073 3124 quodetiamsic
1085 3063 1140 3109 anni
1156 3076 1297 3111 noueouve·

229 3127 345 3185 primun.
379 3123 617 3188 Budquoquetuuc.
651 3123 746 3172 Nedvi·
782 3125 856 3172 uiunt.
889 3118 958 3172 Nauf
969 3125 1071 3188 primurn
1090 3139 1166 3189 agona
1183 3134 1244 3175 recte
1260 3126 1297 3174 di·
1322 3171 1325 3174 .

234 3189 284 3241 deo,
307 3203 347 3235 cur
369 3201 415 3234 non
433 3203 498 3252 aque
519 3187 605 3250 opponi
629 3187 699 3250 possit
716 3189 747 3248 aa?
782 3188 813 3235 eit
833 3189 863 3235 ab
882 3189 985 3237 Eusebio
1002 3189 1099 3237 wuierri
1118 3189 1144 3238 in
1166 3205 1187 3237 a.
1210 3191 1297 3253 periodi

234 3261 295 3300 oete.
781 3251 834 3300 Jul.
843 3254 917 3302 4772·
931 3253 1059 3301 oecundum
1075 3270 1089 3302 a
1104 3253 1188 3302 Tacito
1200 3254 1296 3302 conferri

262 3317 372 3364 ‘Lustrale'
391 3315 528 3378 certamine]
546 3315 599 3363 Siva
616 3315 746 3378 quinquen·
782 3315 806 3362 in
829 3331 851 3364 a.
869 3317 941 3366 4778.
981 3317 1058 3381 Atqui
1079 3318 1202 3367 Suetonius
1226 3319 1296 3366 etism

192 3384 195 3391 '
233 3381 289 3426 nali.
333 3380 404 3439 Quod
424 3379 461 3427 hic
483 3377 578 3442 quidem
598 3391 660 3426 anno
681 3388 745 3427 sexto
782 3387 835 3427 ante
850 3380 982 3442 legitiutun
999 3391 1091 3444 tempus
1106 3391 1237 3430 revocatum
1258 3382 1295 3430 di·
1337 3393 1344 3398 ·

232 3443 349 3503 celebrari,
371 3444 467 3494 muetur
492 3442 527 3489 vir
548 3441 701 3502 doctissimus,
723 3451 746 3491 et
782 3442 827 3499 cit3
850 3444 913 3506 quod
930 3458 977 3491 non
995 3444 1040 3493 uisi
1058 3445 1088 3492 de
1105 3445 1206 3494 seamdo
1223 3446 1296 3510 arcipi

233 3508 322 3567 erroris,
338 3507 376 3554 cui
391 3507 479 3556 latebra
494 3520 541 3553 non
560 3507 598 3566 sit,
614 3521 680 3570 paene
697 3507 745 3555 Ta-
781 3515 864 3569 potest,
893 3507 978 3570 partim
1007 3517 1101 3571 propter
1131 3509 1229 3558 modum
1260 3511 1296 3557 lo

233 3571 305 3618 citum
321 3582 420 3619 accusat.
463 3569 527 3618 Nam
546 3570 643 3620 debebat
665 3571 746 3634 quinto
781 3571 875 3633 quendi,
894 3586 941 3634 quo
958 3572 1082 3620 Suetonius
1099 3571 1187 3629 utinm
1210 3573 1295 3635 partim

233 3635 350 3691 celebrari,
380 3633 463 3698 inquit,
498 3643 596 3698 quatuor
626 3635 746 3683 dunruxst
782 3634 837 3698 quia
852 3636 888 3684 bis
905 3643 997 3682 numm
1013 3635 1081 3683 illum
1102 3647 1178 3698 ageos
1196 3637 1296 3686 celebra-

233 3699 299 3747 annia
318 3698 447 3760 interjectis.
480 3699 523 3746 An
541 3697 654 3747 menuae
670 3699 745 3746 Nero·
782 3698 815 3745 rit
836 3699 909 3746 Nero.
952 3699 998 3747 Sed
1018 3699 1068 3747 hae
1088 3699 1141 3746 aliia
1161 3698 1296 3762 diligentius

227 3777 287 3810 nem
303 3763 386 3826 eiiqms
402 3761 505 3810 dixerit?
526 3761 566 3809 ille
582 3777 635 3810 vero
654 3770 746 3812 anteve-
781 3761 918 3810 exuamus
933 3762 1092 3824 relinquimus.
1124 3762 1187 3810 Mox
1203 3767 1296 3828 adjicit.

233 3826 283 3874 nire
306 3825 370 3882 solet,
401 3826 508 3889 cupidine
537 3827 695 3881 camminata,
723 3834 746 3873 et
781 3841 833 3888 quc,
845 3826 909 3890 quod
925 3825 1011 3882 eFlor.
1022 3825 1095 3874 edidit
1106 3826 1296 3882 Piehenaetiam

232 3899 287 3938 ante
301 3890 453 3952 prestitutum
472 3889 533 3938 diem
552 3903 664 3948 revooare,
699 3889 745 3936 uod
780 3891 804 3936 iu
817 3889 896 3938 unat
910 3898 933 3938 et
947 3889 984 3938 ed.
1000 3905 1035 3952 pr.
1053 3889 1092 3938 De
1107 3891 1296 3940 onditadietum

230 3954 357 4003 Suetonius
367 3954 391 4002 iu
404 3954 497 4002 Nerone
507 3955 545 4002 21.
557 3952 652 4015 scripsit.
713 3967 745 4001 ae
780 3953 841 4013 adl,
854 3957 890 4002 15.
916 3953 995 4002 ‘Earn
1028 3954 1297 4016 Bud.adteitqsc,moee

233 4019 268 4066 vir
288 4018 328 4066 ille
346 4033 452 4081 magnus.
497 4018 550 4080 Ego
571 4025 648 4064 autem
669 4016 687 4064 ei
705 4016 745 4064 uid
780 4031 829 4064 suo.

233 4081 308 4142 video,
322 4091 362 4130 aut
374 4081 470 4130 firmiter
484 4079 588 4142 numero,
605 4082 682 4130 abnuo
720 4096 745 4127 a·
813 4084 841 4128 Sc
856 4084 962 4147 aquam]
979 4082 1054 4142 Quasi
1071 4083 1163 4140 diceret,
1178 4099 1203 4131 se
1219 4099 1296 4146 aequa-

234 4146 306 4194 citum
333 4147 394 4194 ultra
415 4145 524 4208 quintrrm
549 4159 638 4192 mnam
659 4144 745 4208 produ·
781 4145 826 4192 lem
842 4153 866 4192 et
881 4160 959 4207 parem
977 4147 1002 4193 in
1017 4148 1063 4195 hoe
1079 4146 1210 4195 certamine.
1249 4148 1296 4195 Sed

234 4210 300 4258 uisae.
354 4210 414 4258 ane
440 4209 572 4256 institutum
597 4217 631 4256 est
652 4209 745 4257 Nerone
782 4222 828 4255 non
841 4208 952 4271 dispiiaet,
970 4209 1033 4273 qnod
1047 4211 1104 4258 olim
1120 4211 1214 4271 conjeci,
1228 4216 1296 4272 ecqua

234 4273 579 4332 IV,Corne1ioCoasocoss.
605 4287 626 4318 a.
642 4287 664 4318 n.
690 4277 745 4322 81³.
782 4283 855 4318 anam
866 4273 1036 4321 odoermeoem.
1067 4273 1141 4320 lura.
1169 4274 1296 4323 Priame-

233 4351 297 4386 nuuc
323 4337 423 4386 mundo
444 4336 519 4384 editur
544 4335 600 4383 Silio
623 4343 646 4382 et
666 4335 745 4384 Attieo
781 4335 834 4383 lius.
853 4337 1204 4399 SeqaeoonjiciebetAcidaliu'a.
1222 4339 1296 4388 Euat.

236 4413 308 4450 coss.
325 4418 347 4451 a.
364 4402 418 4452 818.
454 4401 520 4450 Certe
537 4401 566 4450 ab
579 4399 619 4448 illo
632 4399 662 4446 sd
675 4399 745 4449 istum
782 4398 964 4450 Deietoctmte
975 4402 1042 4462 relig.
1134 4409 1137 4414 ·
