3042 4950
269 217 307 272 ss
674 184 907 282 'inunctum
1150 216 1334 294 [susos.

272 378 396 456 Drusis,
410 380 444 444 in
457 381 592 467 pretium
608 380 869 468 probricessisse:
891 380 1113 464 incensumque
1127 379 1214 443 etad
1235 379 1336 445 minas

187 529 189 534 ,
272 477 494 549 erumpentem,
517 467 623 532 castris
647 466 751 544 infert,
772 478 881 552 paratu
900 465 1045 528 concione
1066 462 1218 538 militum
1246 463 1335 550 apud

272 568 361 630 quos,
387 565 596 633 praemonente
619 551 775 627 Narcisso,
843 572 903 612 uca
926 549 1023 612 verbs
1044 547 1134 612 fecit:
1168 571 1252 626 nam,
1275 547 1334 612 etsi

267 631 399 714 justum,
423 633 559 699 dolorem
585 636 688 722 pudor
710 573 906 722 impetlidbut.
952 631 1128 696 Continuus
1151 633 1262 696 dehinc
1283 656 1335 696 co-

271 713 408 778 hortium
429 717 555 795 clomor,
576 728 597 758 “
613 720 738 784 nomina
758 741 882 782 reorum
904 730 936 782 et
957 718 1088 802 poenas”
1104 716 1332 803 flagitantium:

273 798 479 888 admotusque
507 803 602 868 Silius
630 803 788 881 tribunali,
814 825 876 866 non
899 801 1119 878 defensionem,
1144 823 1206 865 non
1231 802 1335 866 moras

273 884 412 962 tentavit,
424 900 578 973 precatus,
591 897 612 928 ‘⁶
622 902 658 952 ut
669 911 752 952 mors
762 887 1016 952 accelerandum*
1029 886 1152 950 Eodem
1162 886 1336 951 constantia

272 979 305 1030 et
328 968 473 1035 inlustres
495 973 628 1058 Equites
648 975 808 1037 Romanos
828 969 959 1067 cupidos
986 983 1116 1034 maturo
1141 970 1224 1034 necis
1247 969 1332 1035 fecit.

256 1052 397 1117 'Titium
422 1055 603 1135 Proculum,
626 1058 787 1122 custodem
809 1081 828 1120 a
854 1054 929 1120 Silio
952 1053 1140 1118 Messallinae
1159 1055 1277 1133 dutum,
1299 1067 1334 1130 et,
1379 1111 1382 1121 ,

272 1135 421 1200 indicium
435 1140 614 1205 offerentem
625 1142 768 1206 Vectium
778 1140 942 1205 Valentem
956 1152 987 1203 ct
997 1139 1182 1218 confessum,
1193 1153 1226 1202 et
1239 1139 1334 1203 Pom-

272 1220 377 1306 peium
393 1225 558 1302 Urbicum,
573 1250 609 1289 ac
625 1225 796 1291 Saufellum
808 1225 951 1310 Trogum
966 1246 1005 1286 ex
1018 1224 1145 1287 consciis
1160 1231 1181 1263 “
1196 1223 1277 1287 trahi
1291 1223 1334 1288 ad

272 1305 487 1390 supplicium.”
507 1310 609 1394 jubet.
653 1311 772 1374 Decius
791 1332 836 1395 qu
878 1331 919 1372 ue
933 1305 1172 1394 Calpurnianus,
1188 1307 1336 1404 Vigilum

273 1388 455 1469 Praefectus,
472 1393 627 1478 Sulpicius
638 1396 753 1472 Rufus,
766 1393 852 1458 Ludi
892 1405 1061 1470 rocurator,
1071 1394 1099 1458 ,J
1101 1414 1199 1457 uncus
1209 1391 1338 1479 Virgili-

273 1495 361 1552 anus,
379 1477 518 1556 Senator,
534 1477 641 1544 eadem
656 1502 749 1567 poena
762 1478 884 1544 adiecti.

246 1667 250 1676 ,
311 1627 449 1677 Cotonium
471 1634 559 1679 emmor
577 1636 627 1682 det.
648 1636 721 1702 cont]
754 1635 785 1682 In
817 1642 942 1698 utrumque
957 1636 1024 1682 male
1051 1634 1124 1682 Eun.
1156 1633 1219 1682 Bud.
1235 1634 1333 1681 Silioet

272 1689 351 1737 Gueli.
363 1700 385 1738 et
401 1693 451 1741 aliis
462 1695 535 1743 MSS.
551 1712 587 1760 sp
599 1699 731 1747 Broterium
748 1699 786 1745 hic
818 1699 935 1744 Mesuliue
945 1700 1009 1746 dont.
1150 1727 1155 1735 ·

271 1753 341 1800 ordor
361 1757 494 1806 Continuus
504 1761 587 1806 dehinc
597 1763 728 1810 cohortium
738 1764 786 1810 clu.
850 1763 972 1808 Iodieium
989 1764 1132 1825 spssrsstem]
1160 1762 1226 1810 Bene
1242 1760 1334 1808 confes-

271 1831 338 1863 mor:
360 1820 448 1881 melior,
467 1831 576 1883 utputo.
604 1826 677 1875 Eun.
709 1827 788 1876 sicet
818 1840 879 1872 sum
897 1825 962 1873 Num
971 1825 1332 1882 indiciumsitinEunuch05,

268 1878 335 1927 Bud·
819 1888 844 1946 7,
855 1889 890 1936 tt
924 1889 1038 1949 Donatius,
1057 1889 1147 1953 proprie
1162 1897 1197 1936 cst
1213 1889 1272 1946 ejus,
1291 1888 1336 1950 qui

302 1947 531 2016 InlustresEq.It.]
560 1952 623 2002 Bud.
635 1956 738 2002 illustres
749 1956 786 2001 ni·
818 1967 866 1999 nno
880 1954 1012 2015 pecmvcrit.
1044 1952 1200 2000 Asconiusud
1215 1951 1273 1997 illud
1284 1951 1334 1998 Cic.
1379 2007 1385 2014 ι

271 2023 309 2054 ros
318 2024 353 2070 eq.
363 2013 396 2058 R.
818 2016 843 2062 iu
855 2015 910 2063 Div.
919 2017 949 2063 ud
963 2017 995 2075 Q.
1008 2017 1068 2064 Caec.
1082 2018 1120 2065 11.
1136 2018 1296 2076 Quapropter
1310 2016 1334 2060 si

305 2074 409 2134 Cupidus
420 2083 518 2124 matures
529 2082 603 2143 neeis]
627 2085 737 2130 Mature
746 2083 786 2130 de-
819 2079 934 2125 iudicium
942 2083 984 2126 tibi
990 2081 1174 2140 postulusdosif
1191 2080 1238 2125 aits
1256 2080 1334 2124 Iudex

272 2143 306 2181 est
317 2135 340 2182 in
353 2137 415 2186 Bud.
818 2149 861 2200 est,
881 2144 923 2203 qui
927 2143 1061 2204 facinoris,
1079 2146 1144 2204 cujus
1160 2143 1209 2202 ipse
1227 2149 1261 2188 est
1279 2156 1333 2186 cort-

260 2255 264 2260 ,
305 2201 431 2251 Custodem
452 2206 513 2252 Silio
533 2222 560 2252 ac
580 2209 724 2255 Messalllnoe
745 2211 787 2256 da.
818 2207 887 2265 seim,
898 2207 996 2253 latebras
1013 2207 1109 2260 indicat,
1121 2206 1261 2265 impunitate
1273 2218 1333 2264 pro-

272 2265 335 2326 tum]
369 2265 430 2324 Quis
455 2268 543 2316 dsdefit
568 2271 625 2318 Silio
646 2271 786 2320 custodem?
813 2271 901 2328 positu.
933 2269 995 2327 Qun
1005 2276 1082 2315 tumen
1098 2268 1225 2330 impunitas
1235 2267 1335 2314 orcum-

271 2325 468 2394 Chudiumequi
476 2332 581 2386 omnium
590 2333 701 2395 ignarus?
718 2335 786 2397 Logi.
818 2332 903 2396 scriptu
913 2342 962 2383 ests
980 2332 1044 2395 quis,
1057 2341 1084 2380 ut
1097 2331 1159 2380 idem
1176 2339 1248 2389 notet,
1261 2333 1333 2380 Certo

271 2389 302 2435 In
314 2389 368 2438 Vot.
384 2402 432 2441 cst:
453 2397 568 2444 custodem
579 2400 724 2446 Messallinoe
738 2401 786 2448 dot.
818 2402 881 2455 sunt,
894 2400 920 2443 iu
931 2398 1014 2457 qrsidus
1026 2397 1154 2456 impunitas
1168 2396 1241 2441 iudici
1251 2396 1331 2454 datur,

270 2453 346 2503 aliens
355 2455 439 2507 deinde
452 2474 524 2507 manu
538 2461 664 2524 adpictum,
679 2478 707 2509 ac
718 2464 786 2511 Silio.
819 2467 846 2507 ut
858 2463 888 2507 irs
897 2476 978 2508 caussa
991 2461 1142 2523 proddionis,
1159 2461 1294 2521 majestatis,
1309 2464 1333 2506 st

271 2516 786 2637 tttrrnrttsttrttuz·
818 2525 1054 2651 “lidelmi
1070 2523 1145 2633 itt
1162 2586 1245 2647 spu
1263 2564 1333 2646 ms

271 2646 361 2693 salliuae
378 2620 483 2696 dotum,
499 2650 609 2700 Altmum
631 2652 725 2715 quidem
747 2669 787 2701 ve.
818 2651 881 2714 quod
891 2651 1063 2713 probstlihen.
1097 2650 1334 2715 lnvocecmjtsmm

271 2722 324 2755 runt
342 2719 384 2769 est,
404 2720 431 2759 ut
446 2712 485 2761 hic
502 2713 579 2763 Titius
596 2716 643 2764 sive
657 2732 672 2764 s
687 2716 787 2764 Claudio
817 2715 887 2762 lutere
897 2729 981 2762 nomen
995 2713 1116 2775 cujusdam
1126 2729 1139 2761 e
1149 2713 1250 2773 consciis,
1266 2721 1335 2776 putot

270 2771 389 2841 adpositus
405 2778 473 2824 uxori
489 2779 635 2837 contunsive
651 2795 665 2827 s
679 2780 744 2839 Silio,
760 2789 787 2827 ut
819 2778 881 2825 lutt
886 2778 952 2841 quod
961 2778 1096 2826 verosimile
1370 2801 1376 2809 ·

270 2837 358 2884 amico.
377 2838 575 2905 Utrumquoenim
584 2843 658 2891 solens
667 2844 786 2891 Romanis.
859 2844 990 2905 Saufisllum
1012 2840 1129 2903 Trogum]
1156 2841 1233 2889 Vstic.
1249 2842 1333 2903 Satafi-

272 2897 415 2960 Demaritis,
428 2902 536 2953 Tibullus
550 2908 570 2959 l.
583 2907 606 2964 6,
624 2909 646 2955 9.
664 2910 719 2969 Ipse
735 2923 787 2954 mu·
819 2907 887 2953 lium.
918 2906 1007 2964 Scribo,
1030 2906 1169 2968 Saufeium.-
1196 2913 1220 2952 et
1240 2905 1334 2952 induxit

271 2964 308 3009 lus
319 2964 393 3023 docui,
405 2982 450 3027 quo
462 2977 540 3029 posset
551 2971 629 3017 ludere
642 2978 712 3032 pacto
724 2973 786 3019 Cus-
818 2968 922 3017 librarios
946 2969 1005 3017 illud
1026 2972 1035 3016 l
1056 2969 1235 3032 longiusculum,
1258 2977 1285 3016 ut
1302 2970 1333 3015 L.

271 3029 341 3074 todes.
372 3029 568 3091 Deumstoribus,
581 3034 712 3097 Propertius
724 3036 748 3094 2,
760 3038 785 3092 5,
818 3033 961 3080 scriberent>
977 3034 1070 3081 Horum
1080 3033 1184 3080 omnium
1195 3032 1335 3079 mertioSe-

270 3092 310 3139 29,
348 3094 410 3149 Quos
437 3097 514 3155 igitur
535 3099 579 3143 tibi
603 3100 712 3153 custodes,
735 3114 787 3159 quoe
818 3111 881 3145 necor
899 3096 923 3144 in
941 3096 1075 3159 Menippus
1090 3096 1120 3144 de
1133 3096 1227 3144 chuuii
1244 3102 1333 3151 morte}

272 3156 356 3201 limina
372 3161 480 3219 postam?
512 3160 621 3210 Misellus
641 3161 681 3208 ille
701 3171 786 3221 custos,
818 3160 946 3207 ubitsmen
954 3159 1086 3221 disjunctim
1096 3159 1169 3207 scribe
1177 3161 1334 3217 M.Helvius‚

268 3218 307 3265 cni
321 3218 346 3267 id
357 3231 484 3271 monstrum
495 3225 651 3283 commissum,
663 3226 726 3288 quod
739 3241 787 3274 non
823 3225 923 3285 Trogus.
954 3223 1004 3281 Qui
1020 3224 1058 3271 hic
1067 3223 1137 3271 etism
1149 3214 1257 3276 Tmolus,
1273 3221 1335 3269 malo

271 3285 352 3345 Argus
363 3300 416 3333 cum
427 3287 545 3335 Mercurio
555 3288 703 3336 custodisset!
727 3289 787 3337 Ver·
818 3286 913 3335 fortusse
922 3287 947 3334 in
958 3288 1052 3346 Smecs,
1063 3290 1118 3335 Seu.
1134 3287 1235 3333 Troilus.
1257 3285 1334 3333 Iuro.

271 3346 636 3411 traniusinexplicsbilemlocnm
648 3353 786 3411 censetnisi
819 3350 1044 3413 Saufrliumed.pr.
1073 3351 1145 3398 Eun.
1176 3348 1239 3396 Bud.
1252 3350 1335 3412 Seust-

271 3410 388 3458 cu'stodem
412 3428 454 3475 pro
475 3422 579 3463 exactore
603 3415 785 3479 interpretemur,
818 3414 1047 3488 ium,quod11ipsii
1066 3416 1220 3475 conjecturum
1239 3412 1331 3461 firmus:

270 3473 354 3521 scilicet
370 3476 412 3538 qui
430 3478 509 3524 mortis
527 3493 605 3541 ponus
621 3478 704 3540 exigat.
737 3480 786 3527 Vs·
817 3474 1048 3525 fucilisrneslitters
1057 3478 1143 3541 lapsus.
1333 3518 1335 3522 .

270 3551 323 3585 rurn
334 3542 605 3603 merumquesomnium.
622 3542 696 3589 Ltrs.
730 3543 786 3590 Sine
854 3542 942 3605 Troili]
967 3540 1335 3589 Buu.tract.1theu.inrratt

270 3598 403 3661 dubioills,
414 3612 486 3651 costes
502 3604 786 3668 imitsts‚perbltnditius
817 3604 957 3651 mutandum
967 3604 1055 3652 suadet.
1333 3638 1336 3645 -

266 3663 333 3712 hunc
349 3665 443 3714 insilis
460 3668 543 3715 morito
557 3682 617 3716 novo
634 3668 685 3732 ipss
701 3670 786 3732 exegit.
850 3671 939 3716 Decius
950 3683 1036 3730 quoque
1045 3670 1232 3731 Calpurnianus]
1249 3668 1335 3731 Scripti

270 3727 387 3775 Martidis
406 3730 444 3787 10,
459 3732 499 3779 69.
533 3733 643 3779 Custodes
658 3736 699 3780 dos
717 3736 787 3781 Polio
817 3732 878 3790 lrlsri,
896 3735 1006 3779 Decrius.
1040 3733 1110 3791 Puto,
1129 3734 1248 3780 Decriust
1270 3732 1335 3795 quod

271 3794 331 3849 viro,
346 3797 487 3869 uoupccipis
504 3797 561 3856 ipso.
595 3796 665 3844 Tales
680 3798 728 3856 ille,
742 3798 785 3861 qui
816 3796 999 3844 nomcnetinfra
1006 3795 1114 3844 invnies.
1132 3796 1206 3843 Llos.
1231 3797 1336 3843 Deom'us

270 3858 388 3903 dominam
404 3873 445 3905 uec
462 3861 501 3905 nir
516 3874 556 3906 nec
568 3860 785 3922 soemioascrvabut
816 3860 852 3909 ed.
867 3876 901 3923 pr.
936 3860 997 3907 Mox
1015 3862 1112 3907 Luscus
1134 3862 1222 3923 Vtrgtt.
1253 3859 1333 3907 Guelf.
1353 3916 1357 3927 Ι

269 3916 378 3967 adversus
390 3922 506 3969 Nasonem
517 3922 574 3969 Am.
586 3926 610 3981 2,
622 3925 646 3970 3.
679 3924 784 3972 Jurcnu·
816 3926 927 3972 Juneius.
947 3923 1270 3986 GlundorpiiOnomusticum
1280 3922 1332 3969 luu-

269 3984 298 4031 lis
309 3985 333 4043 o,
344 3985 399 4039 stt.
409 3988 461 4045 quis
471 3988 585 4034 custodiat
594 3990 654 4048 ipsos
662 3990 784 4035 custodes?
816 3988 856 4034 dat
867 4003 895 4034 ex
907 3988 931 4033 h.
941 3987 958 4033 l.
968 3989 1072 4034 Junium
1088 3989 1175 4048 Virgit
1189 3986 1272 4043 nescio,
1284 4002 1333 4048 quo

271 4048 361 4095 Gnorr.
380 4048 453 4097 Plane
463 4051 495 4099 sic
506 4051 560 4103 MS.
572 4051 633 4099 Flor.
656 4051 717 4099 Edd
731 4061 785 4100 vett.
815 4051 874 4098 libro
884 4059 983 4098 auctore.
1015 4052 1123 4098 cunum
1139 4066 1219 4098 rerum
1233 4050 1333 4099 videtur.

270 4126 350 4161 omnes
370 4115 486 4161 custodem
508 4116 568 4161 Silio
589 4130 617 4162 sc
638 4117 784 4163 Messallinoe
816 4114 876 4161 Mox
885 4113 914 4176 de
921 4116 1078 4161 Procuratore
1085 4115 1136 4160 iudi
1145 4114 1278 4173 vidudld,
1290 4116 1330 4162 22.

270 4176 317 4222 dot.
344 4176 438 4239 Lipsius
448 4177 519 4225 edidit
527 4179 615 4225 dotum
639 4178 710 4237 Quod
721 4194 784 4227 nunc
816 4176 887 4224 Eun.
915 4177 977 4224 Bud.
989 4181 1093 4225 Decrius
1103 4195 1124 4239 q.
1138 4179 1331 4240 Caipissrsionus

270 4247 312 4295 ost,
322 4238 510 4291 Pichenacdidit.
543 4241 603 4289 Mox
614 4257 656 4305 pro
672 4245 785 4291 Urbicum
814 4243 908 4304 vigiliis
913 4242 1166 4305 prefectus...·1uscut
1181 4244 1211 4291 V.
1330 4248 1334 4253 '

271 4300 326 4354 MS.
338 4302 418 4352 (suut
438 4306 537 4362 Vitium,
549 4314 572 4354 ot
582 4308 645 4355 trudi
657 4320 700 4371 pro
709 4308 782 4369 tratti,
869 4357 872 4362 ,
