3042 4950
242 260 273 305 a.
288 218 399 318 esea]
603 250 679 308 tre.
699 247 781 308 xtv.
805 252 886 308 cie.
902 254 929 307 4.
1248 254 1301 311 193

284 408 342 474 1v.
377 408 500 473 Placuit
518 409 661 484 sollertia,
681 424 819 496 tempore
837 411 929 473 etiam
946 410 1029 495 juta,
1052 409 1178 494 quando
1197 410 1296 489 Quin.

262 505 410 557 uatruum
424 494 518 557 festos
531 492 596 557 dies
610 494 699 579 apud
712 494 806 557 Baias
819 492 1044 579 frequentabat.
1072 494 1151 559 llluc
1167 509 1297 560 matrem

239 515 330 654 illicit,
348 578 523 642 “ferendae
532 592 694 664 parentum
705 578 880 642 iracundias
890 592 921 643 et
930 577 1117 664 placandum
1126 580 1296 658 animum?

238 661 392 739 dictitans,
410 685 475 748 quo
488 686 644 727 rumorem
660 663 912 727 reconciliationis
927 662 1068 739 efficeret,
1084 663 1297 751 acciperetque

233 743 424 893 Agrippina,
439 747 521 811 facili
535 747 720 812 feminarum
737 747 919 813 credulitate
938 748 979 811 ad
1038 746 1122 811 udia.
1167 746 1297 813 Venien-

236 841 299 892 tem
336 832 436 911 chine,
449 832 560 897 obvius
577 832 606 895 in
629 832 728 910 litora,
746 838 831 914 (nam
847 832 948 897 Antio
966 856 985 897 a
1008 830 1166 917 ventabat)
1182 833 1297 919 excipit

235 934 330 978 manu
352 930 384 980 et
405 918 580 1004 complexu,
603 917 754 1003 ducitque
770 916 896 983 Baulos
943 916 983 982 Id
1005 915 1087 980 villae
1105 937 1217 980 nomen
1237 933 1294 995 est,

235 1021 318 1083 qua,
332 1003 579 1087 promontorium
594 1002 754 1066 Misenum
771 1001 852 1065 inter
864 1016 897 1065 et
912 1002 1066 1066 Baianum
1082 1000 1194 1078 lacum,
1211 1002 1292 1067 flexo

234 1084 312 1147 mari
337 1084 484 1149 adluitur.
531 1086 639 1151 Stabat
662 1086 740 1149 inter
761 1084 836 1149 alias
857 1086 944 1149 navis
966 1085 1110 1163 ornatior,
1132 1096 1292 1173 tamquam

232 1166 267 1231 id
308 1192 412 1268 uoque
434 1169 543 1232 honori
561 1169 668 1232 matris
690 1168 835 1233 daretur:
861 1171 978 1255 quippe
1001 1181 1143 1233 sueverat
1162 1172 1289 1250 triremi,

232 1265 264 1316 et
285 1192 510 1317 (cimmeriorum
534 1276 568 1316 re
602 1252 609 1266 ⁸
635 1253 664 1316 'o
686 1253 781 1317 vehi:
811 1277 848 1318 ac
872 1269 939 1317 tum
964 1253 1093 1317 invitata
1120 1254 1166 1317 ed.
1184 1256 1291 1342 epulas

229 1348 309 1414 erat,
335 1353 372 1401 ut
400 1274 742 1401 occultandimlicinori
766 1360 827 1401 nox
855 1338 1062 1413 adhiberetur.
1089 1338 1191 1401 ¹Satis
1219 1363 1290 1403 con·

233 1418 320 1500 stitit,
342 1421 493 1487 exstitisse
517 1421 715 1508 proditorem,
736 1437 768 1486 et
783 1423 1003 1509 Agrippinam,
1025 1420 1140 1486 auditis
1160 1422 1288 1501 insidiis,

268 1647 380 1709 Tempore
386 1648 474 1696 etiam·
491 1649 527 1712 ta]
536 1645 632 1696 Itaiibri
639 1662 741 1696 manuus.
775 1664 821 1695 ace.
835 1648 1165 1709 Agrippinam-uenientem.
1200 1646 1288 1707 Lectio,

230 1708 306 1759 lure.
321 1664 547 1761 sensualiter
554 1726 589 1773 pr.
598 1726 741 1775 quamquam
773 1728 826 1775 qure
837 1712 890 1759 inde
901 1728 915 1759 a
926 1712 1066 1760 Bemeccero
1077 1710 1160 1768 editur,
1172 1718 1205 1757 ert
1216 1727 1229 1759 e
1239 1726 1288 1759 cor.

229 1773 319 1823 inversa
328 1776 404 1837 prim
414 1775 509 1838 syllaba,
518 1774 618 1823 utalias.
634 1775 742 1823 Added
774 1776 873 1824 rectione
895 1775 1056 1831 Freinshemii,
1077 1788 1149 1837 quam
1173 1774 1212 1821 ille
1233 1790 1287 1823 cum

229 1838 253 1898 3,
265 1836 305 1884 35.
322 1838 502 1887 Getcdantelai
530 1838 651 1892 ‘um(etc.
663 1838 726 1887 Bud
774 1854 838 1903 seqq.
846 1838 969 1887 editoribus
976 1838 1068 1900 recepit,
1075 1836 1201 1901 eademque
1227 1838 1286 1887 lace.

228 1902 317 1964 adjuta.
334 1854 741 1951 Etsiclaudetl'ssictcriusadcicer.
774 1904 814 1951 bat
823 1902 929 1950 Acidalio
937 1904 971 1965 (et
980 1900 1090 1965 Ryckio).
1119 1902 1155 1948 Ea
1165 1854 1288 1949 conirma-

260 1965 308 2013 ‚ad
318 1964 375 2013 Div.
385 1968 409 2025 2,
421 1968 459 2015 12.
475 1965 547 2013 Ean.
565 1965 672 2014 Iacerent.
683 1966 739 2029 opii.
773 1974 812 2014 tur
827 1966 862 2014 ed.
879 1982 913 2029 pr.
930 1968 954 2013 in
968 1982 1015 2030 qua
1032 1974 1066 2013 ert
1082 1966 1227 2027 Agrippina,
1247 1966 1287 2013 sed

255 2059 262 2076 .
278 2028 315 2077 10.
326 2032 384 2091 juta
393 2031 515 2089 ‹pfeurione
521 2031 633 2076 (lentim.
773 2030 925 2092 interpunctio
939 2039 992 2103 post
1008 2031 1143 2087 mannum,
1156 2036 1183 2075 ut
1193 2028 1287 2077 fortasse

263 2091 456 2153 Quinquatruum
470 2093 546 2155 secter
564 2092 626 2155 dier]
647 2094 742 2141 Sueten.
773 2108 826 2159 casu
843 2092 956 2157 irrepserit
970 2092 1131 2139 nominativus.
1165 2091 1203 2139 De
1216 2091 1288 2139 inter·

228 2156 268 2205 ³42
278 2156 390 2203 solemnia
400 2155 590 2218 Quinquatruum
601 2165 674 2203 vocat.
689 2156 741 2204 Ho-
790 2156 896 2205 unctione
908 2156 948 2203 Fr.
959 2169 1005 2203 non
1021 2152 1131 2203 dubitem.
1165 2154 1203 2201 De
1213 2163 1287 2203 cetera

226 2218 299 2266 ratius
309 2218 364 2266 item
375 2218 537 2280 Quinquatrus
547 2218 623 2267 lectas.
645 2220 741 2279 Qum,
772 2172 877 2275 lectione,
895 2218 980 2267 Nerius
995 2218 1020 2266 in
1032 2218 1137 2266 Analect.
1157 2218 1178 2271 l,
1193 2219 1230 2267 10.
1246 2218 1286 2266 de-

227 2282 311 2346 quiaii
324 2282 374 2330 dies
384 2282 505 2340 Minerva,
517 2283 564 2331 lati
580 2284 662 2346 pueris,
676 2283 741 2331 viris·
772 2282 845 2330 tendit
856 2282 981 2345 vulgatam,
994 2292 1017 2329 et
1027 2282 1188 2344 interpretatur
1197 2283 1286 2343 decipe-

226 2360 279 2410 que.
296 2345 335 2393 De
345 2346 431 2408 pueris,
440 2344 551 2394 Horatius
559 2345 606 2409 Ep·
617 2350 641 2405 2,
651 2350 675 2405 2,
687 2347 740 2402 197.
773 2353 815 2404 ret,
828 2354 855 2393 ut
866 2346 967 2393 Pichena
977 2346 1114 2407 corrigebat:
1129 2360 1185 2391 usus
1195 2354 1286 2393 euemre

230 2425 319 2471 -puer
338 2415 363 2456 et
376 2410 449 2474 sertia
469 2411 656 2471 Quinquatribae
676 2412 741 2468 alirn,
773 2408 859 2468 Nonio,
877 2410 952 2474 quit,
967 2407 1217 2457 latocumeturilio
1232 2422 1285 2470 pro·

225 2474 530 2536 eeiguogrutuquesruarir
536 2478 739 2537 tempereraptim.
771 2472 831 2522 ferte
850 2477 883 2520 ric
894 2481 1047 2522 veteratorem-
1056 2475 1123 2520 illum
1134 2475 1237 2520 emulum
1249 2475 1284 2520 lu-

226 2537 260 2585 llt
267 2537 422 2600 Symmachus
429 2540 453 2596 a,
461 2540 500 2585 85.
518 2539 612 2599 Nenape
618 2539 739 2587 llsrneruae
767 2553 828 2598 pum
839 2538 979 2585 Annibalem
989 2545 1115 2598 acceptum,
1130 2536 1171 2582 ubi
1181 2539 1285 2597 accipere

226 2601 269 2648 utt
285 2603 384 2649 redeant
400 2602 428 2648 de
445 2601 528 2648 rotatu
543 2608 624 2647 netum
640 2609 674 2648 ert
683 2619 691 2657 ,-
713 2610 740 2650 ut
770 2601 931 2664 interpretatur
946 2602 1056 2662 decipere.
1089 2599 1143 2657 Sed,
1160 2599 1227 2646 utin
1243 2600 1284 2647 illo

218 2666 275 2728 serr
291 2679 403 2713 ammom
421 2680 503 2712 ramur
519 2664 591 2711 etiam
603 2667 740 2726 procedente
771 2663 1194 2726 locosicpossisintelligere,accipere
1202 2677 1283 2726 perae,

225 2735 294 2778 atate
312 2728 445 2791 puerilium
459 2729 590 2791 seriarum.
623 2727 665 2776 Aa
686 2743 739 2775 eum
771 2727 829 2775 etin
839 2727 916 2776 Taciti
931 2735 1038 2775 mntextu
1052 2727 1076 2773 id
1092 2725 1224 2789 significare,
1236 2740 1283 2775 non

225 2795 287 2842 dnm
303 2794 439 2840 conuiuium
454 2793 497 2840 titi
508 2807 631 2853 paramur.
665 2791 739 2840 Ferie
772 2790 846 2839 crede
879 2793 1008 2840 Rurncrem
1019 2793 1122 2852 accipiere
1132 2789 1166 2836 nil
1177 2790 1241 2837 eliud
1251 2791 1283 2838 si·

224 2871 279 2922 ergo
310 2857 387 2904 umis:
404 2865 429 2904 at
439 2856 493 2904 viris
508 2855 578 2903 etiam
587 2856 638 2902 ludi
651 2864 674 2902 et
688 2870 739 2918 epe·
770 2853 877 2917 gnificare
883 2864 1045 2964 potestpuam
1054 2855 1144 2902 audire.
1159 2855 1284 2914 Deciperet

225 2872 486 2982 curuligladimmum.
510 2917 619 2978 Ovidius,
630 2918 660 2966 de
670 2919 741 2980 quin·
770 2917 808 2965 rel
818 2920 962 2979 alliceretque
986 2917 1100 2980 egendum
1115 2924 1179 2981 puto,
1190 2925 1283 2981 propter

225 2984 318 3048 quehis
328 2984 583 3038 deteruntur.
618 2984 739 3042 Sanguine
771 2982 895 3044 sequentia.
927 2981 997 3028 Ean.
1031 2981 1143 3042 Accipere
1159 2979 1238 3028 audire
1249 2989 1283 3028 ert

221 3051 304 3112 prima
319 3056 393 3106 uacat,
407 3061 449 3095 uec
456 3047 501 3110 far
515 3059 652 3092 cmrcurrere
659 3047 739 3108 ferro.
771 3059 824 3092 curn
843 3043 939 3092 adsensu
956 3054 979 3092 et
996 3044 1122 3107 voluptate,
1138 3053 1166 3090 ut
1180 3045 1283 3106 acdpme

227 3113 436 3174 erumperem
447 3111 489 3157 illa
502 3115 558 3156 neta
568 3111 682 3157 Minerua
694 3111 738 3157 die.
771 3122 837 3156 omen
846 3123 883 3170 ap
897 3106 946 3156 Cic.
959 3108 988 3156 de
998 3107 1070 3156 divin.
1085 3109 1106 3168 l,
1118 3108 1158 3155 46.

225 3177 319 3236 Altera,
332 3183 423 3238 tresque
438 3188 508 3235 super
525 3189 578 3220 rara
594 3175 739 3220 celebrantur
769 3231 772 3238 ι
802 3174 921 3234 Ducitque
940 3172 1041 3235 Baulos]
1064 3171 1141 3218 Antea
1163 3171 1282 3228 Hortensii

224 3255 305 3296 crena,
313 3241 417 3286 Eruitur
427 3239 524 3286 aarum
535 3237 613 3283 bellica
624 3239 677 3285 leta
685 3240 738 3284 Dea
771 3235 840 3292 villa3
854 3245 909 3285 tunc
919 3236 943 3283 in
956 3235 1091 3298 Principum
1101 3234 1174 3282 bonu.
1206 3234 1244 3282 De
1255 3250 1283 3283 ea

224 3311 265 3351 ert.
298 3301 363 3350 Hine
381 3302 451 3358 disce,
470 3299 596 3348 secundum
612 3299 736 3363 Quinque·
769 3313 816 3347 non
832 3297 972 3363 ineleganter
989 3297 1152 3361 Symmachus,
1164 3298 1213 3358 ejus
1228 3312 1282 3362 poe-

223 3376 303 3415 truum
313 3366 376 3413 diem
385 3365 486 3413 patalen
494 3363 569 3424 ejusce
579 3372 652 3426 poeta
660 3364 737 3414 fuisse.
769 3377 841 3430 sesam
850 3363 897 3427 Ep.
913 3364 936 3422 l,
950 3364 970 3409 l.
994 3363 1052 3410 Huc
1062 3363 1118 3408 deur
1128 3362 1222 3408 Alcides
1233 3368 1281 3409 rta-

224 3430 263 3478 De
278 3426 374 3478 Titium
390 3433 415 3486 4,
434 3429 472 3475 ll.
507 3428 602 3489 Lucifer
616 3429 736 3476 amborum
769 3427 1069 3487 hahniunrmentacoegit,
1078 3425 1157 3472 Bruta
1166 3425 1283 3486 Geryonis

222 3494 339 3542 munta·
354 3493 434 3556 adfuit
453 3494 531 3540 wem:
553 3493 606 3539 Una
625 3493 737 3539 celebrata
754 3491 796 3537 ‘de
812 3487 877 3538 Lare
887 3487 1035 3551 'tergemini
1057 3490 1117 3536 Inde
1133 3501 1210 3535 recena
1225 3491 1281 3538 eru

221 3565 256 3606 eet
261 3573 308 3620 prr
318 3557 364 3604 duo
371 3558 417 3604 iila
426 3556 481 3604 dier.
509 3555 564 3602 Hac
574 3563 608 3602 ert
616 3557 736 3618 armiseroe
751 3563 758 3580 ¹
769 3562 877 3614 corrupta
885 3555 986 3602 Boaulia
995 3554 1085 3601 Baulcr
1093 3553 1126 3599 N
1124 3559 1232 3617 erepat,
1241 3567 1280 3600 oe·

223 3624 251 3670 de
260 3621 342 3686 fictir,
357 3623 459 3681 quinque
472 3620 596 3677 Minerva,
611 3620 668 3675 Quae
677 3622 735 3680 steri
768 3619 936 3665 multonominit
947 3619 1041 3665 indicio.
1057 3615 1281 3678 AtDtvoraapra-

217 3699 303 3748 pugne
309 3686 392 3747 prima
402 3689 500 3730 euentu
509 3683 572 3729 tolet
595 3681 672 3730 Natus
682 3697 736 3744 ergo
768 3675 830 3729 cerei
845 3683 948 3729 {lenitaue
959 3681 1062 3743 fortuna
1073 3681 1187 3739 curauit,
1205 3677 1280 3728 Fama

222 3757 288 3796 sexto
298 3758 350 3810 post
358 3747 456 3796 lilartias
468 3746 533 3793 ldur.
566 3745 611 3794 Sed
622 3755 645 3792 et
656 3747 734 3805 mons,
768 3745 812 3791 loci
823 3747 927 3793 obscurae
938 3760 967 3791 ne
973 3744 1181 3806 patereturlreror.
1212 3745 1281 3792 Hanc

223 3822 250 3861 ut
263 3811 339 3860 lidiae
353 3812 455 3873 jucunde
468 3808 617 3871 hilariterque
632 3809 736 3858 traduce·
770 3809 900 3868 cehtrauit,
917 3824 986 3874 opum
995 3809 1060 3870 sertin
1073 3807 1220 3865 Hortensius,
1237 3823 1280 3854 au.

223 3886 309 3925 rentur.
325 3872 616 3939 Augurursed'l'iberium
625 3889 662 3936 ap.
672 3874 736 3922 Suet.
770 3873 824 3927 lana,
844 3874 932 3922 Contra
948 3871 1089 3934 Arpinatem
1103 3872 1145 3932 qui
1160 3873 1224 3918 stetit
1235 3873 1280 3919 elu-

223 3942 287 4003 Aug.
298 3939 338 3995 71.
357 3941 419 3998 Nor,
428 3940 463 3985 mi
474 3937 561 3994 Tiberi,
574 3937 736 3998 Quinquatrus
768 3937 829 3996 quia.
861 3937 917 3984 Fuit
928 3937 996 3983 etiam
1008 3933 1118 3982 Antonia
1130 3933 1209 3992 Drusi,
1221 3937 1255 3982 uti
1266 3951 1280 3982 e

222 4008 281 4052 satir
293 4005 399 4066 jucunde
414 4004 513 4063 agimur.
547 4002 658 4049 Linimas
673 4005 735 4049 enim
769 3997 954 4058 Pliniotiscesu
966 4003 997 4047 55
1007 3997 1071 4062 (81).
1097 3997 1172 4044 lure.
1196 3997 1280 4046 Paullo

219 4083 360 4195 tim-‘⁸
379 4067 578 4177 armatu
597 4066 735 4112 “mim
767 4061 1280 4186 ntiir‘rttlttttttttt

328 4147 363 4177 ur.
467 4162 473 4174 .
847 4145 855 4174 .·
1056 4160 1063 4174 .
1139 4161 1145 4174 .

256 4195 421 4256 acciperetque
443 4194 594 4255 Agrippina}
615 4192 735 4240 Assentior
767 4141 1279 4252 immurmurare-ilar:qumnondispli.

224 4259 339 4316 Picherrae,
351 4259 507 4318 deciperetque
519 4259 559 4319 (ex
568 4256 672 4322 ingenio)
682 4256 736 4304 ecri-
767 4265 809 4306 cet.
841 4256 921 4304 Etiam
931 4255 954 4301 in
967 4253 1045 4301 Gueli.
1054 4253 1153 4320 litterar
1163 4266 1227 4300 uasa
1237 4263 1279 4304 est.

224 4322 297 4381 beuti,
314 4320 358 4368 nisi
372 4321 455 4383 placet,
475 4323 627 4382 atticumque.
661 4321 735 4368 Iure.
768 4321 838 4368 Ean.

225 4385 286 4434 ada
298 4392 354 4433 vett.
363 4398 444 4431 omnes
454 4385 514 4448 (etc.
524 4382 598 4445 Bud)
609 4391 690 4447 preter
700 4398 736 4447 pr.
802 4382 964 4444 Proditorem]
977 4379 1039 4428 Bud.
1051 4381 1215 4442 proditionem.

267 4469 339 4512 VOL.
358 4467 392 4510 11.
1088 4463 1109 4504 0
