3042 4950
231 200 288 253 aar
635 187 865 259 ANNALIUM
885 210 888 216 ·
1120 198 1293 274 [aufers.

236 381 293 422 nec
318 381 395 421 meae
417 358 562 435 fortuna,
585 358 640 423 sed
665 375 738 425 tuae.
782 362 914 427 Abavus
936 376 1020 437 tuns,
1047 360 1080 425 Α
1146 370 1223 438 stus,
1252 361 1292 423 M

234 444 389 589 Aprippae
404 443 612 528 Mitylenense
626 447 776 512 secretum
790 472 799 519 ;
825 448 861 511 C.
878 444 1056 522 Maecenati,
1071 466 1110 509 ur
1163 444 1201 527 in
1214 444 1292 530 ipsa,

234 551 272 591 ve
286 541 321 590 ut
349 530 547 614 peregrinum
571 529 670 593 otium
697 531 858 615 permisit>
878 553 1013 629 qnorum
1038 528 1293 595 altervbellorum

235 612 343 695 arcius,
355 613 433 677 alter
447 616 556 677 Romae
567 613 711 699 pluribus
721 614 879 679 laboribus
884 626 1030 701 jactatus,
1041 614 1144 699 ampla
1154 613 1291 699 quidem,

234 697 289 761 sed
333 721 368 761 ro
390 698 568 784 ingentibus
589 698 717 774 meritis,
737 701 867 785 praemia
888 713 1078 786 acceperant.
1120 702 1193 785 Ego
1211 698 1291 785 quid

225 721 332 854 ‚aliud
339 784 558 847 munificentiae
579 795 644 846 tnoe
662 783 810 849 adhibere
831 786 931 871 potui,
951 807 1048 870 quam
1068 784 1180 862 studia,
1196 797 1232 847 ut
1248 783 1291 849 sic

233 867 376 944 dixerim,
391 870 424 931 in
444 869 556 932 umbra
576 866 718 943 educata,
737 880 769 932 et
787 871 903 955 quibus
918 868 1071 934 claritudo
1090 868 1185 946 venit,
1204 866 1291 954 quod

229 954 370 1038 juventae
380 968 444 1017 tuae
455 952 639 1022 rudimentis
646 951 782 1017 adfuisse
793 954 918 1019 videor?
929 954 1048 1039 grande
1058 954 1154 1040 hujus
1165 954 1209 1017 rei
1223 976 1291 1039 pre,-

234 1038 322 1102 tium.
347 1038 392 1101 At
403 1052 438 1101 tu
448 1037 580 1121 gratiam
591 1037 771 1115 inmensam,
783 1038 976 1104 innumeram
990 1040 1155 1127 pecuniam
1164 1038 1294 1107 circum·

234 1122 366 1185 dedisti:
390 1122 477 1199 adeo,
502 1133 539 1185 ut
561 1122 747 1207 pierumque
769 1124 851 1188 intra
873 1124 988 1210 meipse
1012 1124 1156 1188 volvam:
1183 1145 1292 1209 egone,

236 1206 384 1293 Equestri
397 1220 429 1271 et
447 1206 627 1293 provinciali
645 1207 714 1270 loco
729 1221 828 1285 ortus,
846 1209 1025 1295 proceribus
1043 1208 1176 1273 civitatis
1194 1208 1294 1271 adnu-

234 1296 359 1355 meror?
400 1292 486 1355 Inter
506 1291 633 1370 nobiles,
653 1306 685 1355 et
706 1292 737 1357 lo
781 1316 800 1355 a
814 1294 925 1357 decora
942 1295 1150 1379 praeferentes,
1171 1292 1293 1357 novitas

234 1399 303 1440 mea
316 1376 450 1440 enituit?
480 1376 547 1440 Ubi
560 1387 607 1439 est
620 1376 817 1456 animusile,
832 1378 961 1442 modicis
973 1382 1159 1442 contentus?
1195 1377 1292 1443 Tales

234 1462 340 1525 hortos
353 1462 489 1537 instruit,
503 1474 535 1524 et
556 1484 613 1547 per
626 1461 693 1524 haec
708 1462 887 1527 suburbana
904 1462 1031 1540 incedit,
1046 1475 1077 1526 et
1094 1463 1188 1527 tantis
1201 1484 1292 1547 agro-

233 1570 303 1610 rum
316 1547 432 1632 spatiis,
446 1545 581 1609 tamlato
592 1545 709 1609 foenore
719 1548 871 1613 exuberat
883 1553 897 1612 Ρ
912 1551 988 1613 Una
999 1546 1138 1611 defensio
1147 1548 1292 1625 occurrit,

233 1632 319 1716 quod
333 1631 513 1694 muneribus
527 1630 589 1695 tuis
601 1631 699 1694 obniti
713 1653 776 1694 non
791 1633 895 1697 debui.
1280 1654 1284 1665 ¹

278 1716 368 1780 LIV.
399 1724 420 1754 ‘⁶
437 1715 499 1778 Sed
514 1731 645 1801 uterque
667 1739 843 1781 mensuram
863 1718 1116 1804 implevimuset
1130 1733 1177 1795 tn,
1192 1740 1293 1804 quan·

234 1815 302 1864 tum
318 1800 466 1885 Princeps
480 1801 615 1864 tribuere
628 1801 728 1864 amico
749 1816 862 1898 posset,
879 1818 910 1868 et
924 1827 994 1889 cg0,
1008 1816 1161 1888 quantum
1175 1802 1293 1867 amicus

233 1910 252 1949 a
268 1885 412 1970 Principe
428 1885 576 1971 accipere.
621 1886 733 1951 Cetera
748 1887 897 1954 invidiam
916 1900 1049 1974 augent:
1065 1910 1138 1973 quae
1152 1888 1291 1972 quidem,

266 2156 358 2204 atavus
375 2164 430 2202 tum
444 2154 581 2220 Augustus]
597 2154 677 2203 Immo
691 2157 745 2201 aba·
779 2156 888 2219 Castigat
900 2153 1028 2204 Rhenanus
1041 2152 1066 2202 id
1076 2152 1199 2211 tamt-nisi
1213 2151 1292 2199 amn

234 2236 284 2268 aar.
309 2221 379 2267 b11>a
408 2220 447 2267 Sic
457 2222 506 2282 ipsc
517 2230 591 2267 nostru
601 2228 666 2266 vocat
676 2235 746 2281 supra
778 2220 1033 2283 ineditsuapriorea.
1048 2216 1292 2277 iuramentisque

237 2285 274 2335 13,
286 2285 325 2330 34.
336 2284 398 2331 unde
408 2299 462 2330 cum
474 2283 565 2345 Ryckio
575 2282 656 2345 recepi.
673 2283 746 2330 Eun.
778 2284 802 2329 in
818 2284 923 2331 alteraa
941 2284 1011 2330 154⁴.
1028 2282 1191 2329 desiderantur.
1225 2279 1293 2327 Prior

233 2347 271 2395 Cf.
282 2349 369 2395 Seneca
378 2348 408 2394 dc
419 2348 492 2394 Clam.
508 2348 530 2404 l,
544 2347 583 2393 10.
777 2348 821 2394 ista
831 2347 947 2393 mihinou
958 2347 1089 2393 adnannns·

268 2412 332 2468 Quid
354 2412 441 2474 munifi
462 2412 582 2475 adhibere]
611 2411 666 2461 MS.
686 2410 746 2474 Agr.
813 2412 897 2471 Longa
906 2409 998 2471 dacore]
1015 2410 1061 2457 ie
1076 2407 1180 2470 antiqua.
1194 2422 1215 2455 v.
1228 2404 1258 2453 ad
1271 2420 1292 2455 c.

232 2475 296 2523 addit
307 2483 360 2522 taae.
376 2478 462 2523 &uma
471 2484 515 2533 est,
527 2491 574 2537 qna
583 2491 608 2523 re
617 2476 683 2540 potui
693 2490 746 2536 prc-
779 2476 819 2523 31.
836 2478 929 2524 Decora
944 2483 999 2524 sunt
1014 2475 1130 2535 majorum
1140 2470 1254 2534 imagines
1268 2479 1293 2519 et

233 2541 315 2586 mereri
333 2539 514 2585 munificentiam
534 2548 613 2586 tuam:
637 2539 747 2602 quisine
779 2554 858 2586 eorum
880 2539 986 2598 honores,
1006 2552 1042 2586 res
1060 2545 1136 2599 gesta.
1170 2536 1217 2584 Sed
1235 2534 1291 2582 MS.

232 2602 422 2650 illavomlanon
438 2608 532 2649 wnstat.
565 2602 649 2665 Itaque
663 2602 745 2664 recepi.
779 2602 921 2650 mosam
935 2618 969 2664 pr.
982 2616 1047 2660 cura,
1054 2600 1117 2664 quod
1125 2599 1151 2646 J.
1161 2598 1294 2648 Gronovius

235 2669 332 2715 Secutus
359 2675 393 2713 cot
415 2665 542 2721 Brctarius,
568 2665 610 2728 qni
634 2665 696 2713 idem
721 2667 746 2712 in
778 2667 867 2714 &turn
877 2666 969 2726 conjicit
979 2682 992 2714 e
996 2668 1064 2728 jura.
1089 2662 1293 2724 atoariense.

235 2731 307 2778 MSS.
324 2727 397 2777 nitran
410 2729 501 2791 reperit.
534 2729 605 2776 Eun.
639 2728 669 2776 In
682 2729 745 2776 Bnd.
779 2730 895 2792 etadpr.
906 2731 1009 2776 emicuit.
1035 2729 1107 2776 Ena.
1126 2727 1192 2776 Bud.
1210 2730 1292 2777 decora

231 2795 304 2843 deest.
779 2809 794 2840 a
804 2795 827 2840 2.
838 2809 872 2840 m.
886 2793 951 2840 Idu
962 2795 1054 2841 enituit.

267 2860 388 2907 Stadiatn
397 2861 643 2923 ambracdacctam]
653 2859 746 2914 Quaein
814 2857 900 2905 Hortos
916 2856 1025 2918 instruit]
1042 2856 1115 2906 Vides
1130 2856 1168 2904 bic
1183 2873 1239 2921 opas
1249 2859 1292 2907 Sc·

235 2923 382 2986 ritaprivata
390 2925 494 2980 tractavi,
505 2923 610 2971 formari.
636 2925 747 2971 Snmtum
780 2921 875 2968 necmin
887 2920 956 2980 villis,
1010 2921 1160 2983 '‚pecnnia..
1178 2921 1292 2984 Sedquid

235 3003 248 3034 e
268 2987 384 3044 cunone,
401 2989 427 3034 ni
444 2987 529 3043 sallon
547 2987 612 3050 apud
630 3001 700 3049 quem
718 2985 749 3034 dc
778 2993 814 3032 eet
824 2986 944 3032 inaruit?
1026 2985 1073 3032 'ad
1084 2992 1179 3043 satum,
1191 2983 1291 3044 fabulas,

235 3051 378 3114 beggam
390 3050 460 3098 etiam
474 3059 528 3098 sunt
542 3052 679 3097 umbracula
693 3064 748 3097 eru·
780 3048 899 3112 aliumque
919 3057 1026 3096 ornatum
1047 3055 1141 3111 potest3
1168 3049 1209 3098 etsi
1230 3048 1292 3099 Flor-

235 3116 466 3173 ditorametcttam,
478 3130 531 3188 qna
544 3122 695 3176 opponuntur
705 3115 748 3159 coli
781 3113 862 3170 codex,
879 3114 989 3173 castrata,
1028 3111 1075 3159 uod
1096 3111 1126 3158 ad
1144 3111 1240 3160 edifica
1260 3112 1295 3160 ibi

235 3177 367 3236 etiamn.
379 3178 598 3226 emmeramni
606 3177 676 3241 Reip.
692 3178 749 3224 Non
781 3178 985 3240 superbeetnova.
1037 3189 1088 3225 ias.
1116 3178 1231 3224 Exorata
1239 3191 1295 3225 num

234 3243 273 3290 bic
283 3244 313 3291 dc
326 3241 404 3289 ecbola
413 3242 562 3304 cogitandum
573 3256 627 3306 mm
637 3240 749 3298 Pidrena,
782 3241 837 3288 MS.
855 3240 917 3287 Flcr.
933 3240 1004 3288 babet
1018 3240 1053 3287 ed,
1070 3254 1106 3304 pr.
1123 3239 1205 3288 Simile
1223 3255 1295 3302 supra

234 3317 262 3355 ut
269 3309 320 3368 jam
331 3307 421 3353 monuit
432 3306 536 3354 Freinslc
563 3306 750 3353 Ennnedacata
781 3303 1190 3362 fuitlwrtomtollebatenndenon
1198 3304 1295 3352 omnino

235 3374 311 3418 oratio
325 3377 359 3416 cst
374 3385 411 3432 ap.
425 3369 475 3420 Cic.
506 3371 576 3419 Ena.
610 3368 750 3417 Potiusclo-
781 3367 1035 3431 spanendumputem.
1050 3367 1096 3414 Ed.
1123 3367 1293 3416 aetiamtaltr.

236 3438 337 3496 watto.
370 3433 522 3482 Sicinrat.
535 3435 573 3483 la.
782 3432 988 3480 lnrcrbctacadit
1003 3431 1105 3494 estsign‘
1161 3432 1166 3444 '
1193 3440 1295 3480 ostenta.-

268 3498 514 3560 aquitaniarum
529 3498 605 3563 venit]
617 3497 656 3546 Sic
666 3498 701 3545 ed.
713 3513 749 3560 pr.
781 3495 1008 3558 caenomanis,
1019 3495 1223 3560 dequasaepeviri
1233 3496 1294 3544 docti

234 3570 258 3611 ct
273 3578 336 3627 seqq.
352 3577 439 3610 omnes.
472 3561 748 3610 macomeria
781 3559 1293 3622 dixere.v.corauusn1.sug.al.1³oenm

237 3628 473 3690 Flor.ctqutbus,ut
486 3627 612 3688 conjecerat
621 3625 749 3673 Acidaliae.
781 3623 1293 3687 poesinetiarucdreditusexagriarcfcrre;

237 3691 298 3740 Mox
317 3693 491 3748 circumdedisti
510 3689 583 3737 MSS.
603 3689 666 3737 Flos.
685 3689 749 3744 Bnd,
782 3688 883 3750 primum
900 3696 993 3750 propter
1003 3687 1118 3749 epineton
1129 3689 1194 3742 lator
1210 3685 1295 3734 deinde

238 3755 316 3804 Guelf.
335 3757 421 3818 recepit
438 3754 546 3802 Pichena.
579 3753 675 3800 Veteres
697 3753 748 3801 edd.
781 3751 865 3817 quiec
878 3753 1093 3814 55.hort¹',foeaar,
1107 3751 1211 3808 etntlloe,
1228 3749 1294 3798 nulla

234 3833 315 3868 omnes
332 3821 368 3884 (in
383 3819 420 3866 hia
430 3817 521 3872 Rhea.)
536 3818 628 3864 dedisti.
658 3816 750 3865 Deinde
781 3830 894 3878 agrorum
916 3815 1040 3864 mentione
1072 3816 1145 3864 Ean.
1179 3816 1294 3862 aranas

235 3883 273 3930 nt
296 3885 361 3933 Bud.
384 3884 462 3931 Oxou.
485 3881 537 3929 edd.
557 3895 593 3942 pr.
616 3888 749 3943 vetemqua
781 3879 1015 3943 habaaoeatgr.
1048 3879 1095 3928 Sed
1108 3879 1173 3928 Bud.
1186 3880 1293 3926 inarata

234 3961 315 3996 omnes
326 3951 420 4009 meipsa,
432 3945 494 4008 qnod
505 3953 589 3993 tunm
599 3943 623 3991 in
634 3945 749 4005 accipian
780 3943 819 3991 De
837 3943 874 3990 his
896 3944 988 3992 Seneca
1002 3943 1088 3991 divitiis
1104 3943 1151 3992 rid.
1166 3951 1189 3991 et
1204 3942 1292 3990 Juieri.

233 4011 262 4124 ga
281 4013 358 4060 Rhcn.
380 4007 484 4074 quoque)
501 4016 627 4065 munium,
649 4007 748 4054 restituit
780 4007 878 4065 Satio,
892 4007 930 4054 16.
1009 4043 1014 4051 .

259 4076 347 4138 ych‘na.
364 4077 436 4123 Ean.
454 4074 659 4134 thatbmucxns
668 4079 747 4133 postn-
815 4072 898 4119 Cetera
910 4072 1027 4118 invidiam
1043 4069 1141 4135 augeat]
1158 4069 1215 4120 MS.
1223 4070 1293 4121 ,aloa

234 4140 274 4188 lat
308 4141 346 4188 Ita
360 4153 452 4202 quoque
467 4135 745 4184 immaniinmanu
779 4141 857 4196 agent.
874 4134 937 4197 quod
947 4134 973 4181 J.
992 4135 1065 4182 Gran.
1079 4133 1247 4199 tacurmpunt
1262 4149 1293 4188 ex

233 4203 312 4251 Usum
322 4205 385 4251 verbi
402 4201 547 4249 circumdare
562 4198 626 4262 apud
642 4207 745 4246 noenum
779 4201 848 4246 alana
871 4198 910 4247 Sic
920 4205 943 4246 et
953 4197 990 4246 ad·
1003 4213 1039 4260 pr.
1049 4197 1091 4246 ubi
1100 4198 1198 4262 antiqua
1208 4212 1293 4247 manua

233 4264 297 4312 dabit
309 4267 390 4314 Index.
425 4265 495 4313 Unde
509 4263 633 4312 tentam.
645 4261 745 4310 iand.
779 4263 877 4311 conexit
884 4270 978 4324 augeam
992 4261 1291 4324 Coninndiagcrcetabrc,

231 4328 277 4393 legi
298 4345 335 4375 ma
356 4333 413 4394 iper,
436 4345 483 4377 non
504 4328 576 4392 capio.
611 4327 699 4376 Saltem
720 4326 745 4373 in
779 4335 913 4375 notumest.
931 4327 962 4376 V.
972 4325 1292 4388 coenomanensem
