3042 4950
235 247 308 291 ac.
331 231 391 306 m]
602 235 678 295 tin.
699 237 752 294 xr.
781 241 862 295 err.
888 241 931 296 ta.
1100 222 1102 227 '
1259 240 1297 296 25

279 397 359 462 XV.
383 397 506 462 Retulit
518 397 630 462 deinde
650 399 690 462 ad
710 402 869 475 Senatum,
885 420 978 484 super
999 398 1109 496 collegi
1145 400 1254 463 Herus
1278 397 1286 411 ⁹

234 504 316 559 cum,
338 490 411 546 “ne
425 483 631 547 vetustissima
651 483 750 547 Italiae
772 483 934 568 disciplina
953 505 1008 568 per
1029 481 1180 546 desrdiam
1199 420 1303 548 exopp-

236 577 347 630 sceret:
372 589 453 653 saepe
473 567 608 632 adversis
623 568 715 654 Reip.
740 568 933 654 temporibus
948 568 1071 643 accitos,
1086 590 1222 662 quorum
1235 590 1301 632 mo-

235 651 303 714 nitu
317 651 541 738 redintegratas
556 654 754 730 caerimonias,
770 668 802 716 et
815 653 848 716 in
862 666 1021 738 posterum
1035 666 1149 714 rectius
1162 651 1318 716 habitas:¹

235 735 446 834 primoresque
467 738 606 802 Etruriae
629 751 748 824 sponte,
771 752 828 802 aut
851 740 982 801 Petrum
1004 739 1220 800 Romanorum
1249 737 1306 800 im·

235 819 507 904 pulsu,retmuisse
517 822 684 900 scientiam,
694 837 725 886 et
733 824 767 884 in
774 822 906 886 familias
914 842 1113 908 propagasse:
1124 819 1212 906 quod
1219 842 1309 884 nunc

236 905 360 990 segnius
380 906 458 983 fieri,
479 906 605 992 publica
627 907 707 971 circa
728 908 826 970 bonas
842 924 923 970 artes
944 905 1093 983 socordia,
1109 921 1140 969 et
1159 904 1235 991 quia
1250 927 1306 969 ex-

236 1002 332 1055 ternae
348 991 579 1078 superstitiones
593 991 758 1070 valescunt,
771 1005 802 1055 et
816 991 889 1056 laeta
903 991 1030 1078 quidem
1044 990 1077 1053 in
1092 1012 1227 1076 praesens
1238 1012 1305 1054 om-

237 1075 309 1149 nia3
333 1076 387 1140 sed
406 1076 589 1162 benignitati
613 1079 718 1142 Deum
736 1077 869 1162 gratiam
883 1075 1089 1151 referendam,
1109 1075 1243 1140 neritus
1258 1098 1306 1138 sa-

237 1182 371 1238 crorum,
397 1161 477 1224 inter
498 1163 646 1248 ambigua
664 1160 751 1240 culti,
774 1184 830 1248 per
851 1184 999 1247 prospera
1023 1160 1305 1224 oblitterarentur.”

240 1244 372 1308 Factum
387 1268 425 1308 ex
441 1269 478 1309 eo
494 1248 553 1312 SC.
579 1255 601 1285 “
622 1247 763 1311 viderent
785 1245 962 1324 Pontifices,
990 1269 1061 1332 quae
1081 1245 1241 1308 retinenda
1255 1245 1306 1308 fir-

189 1331 191 1336 ’
238 1329 414 1416 mandaque
430 1331 674 1418 Haruspicum.''

281 1414 372 1478 XVI.
397 1416 520 1480 Eodem
537 1440 620 1481 anno
635 1417 866 1482 Cheruscorum
879 1440 955 1503 gens
971 1420 1091 1502 Regem
1107 1415 1212 1479 Roma
1225 1415 1305 1512 peti-
1369 1490 1374 1500 ,

237 1499 293 1577 vit,
309 1500 427 1564 amissis
440 1524 496 1587 per
513 1502 634 1566 interna
654 1502 736 1566 bella
756 1503 922 1580 nobilibus,
937 1517 969 1566 et
988 1524 1053 1564 uno
1067 1501 1187 1586 reliquo
1201 1500 1305 1584 stirpis

237 1585 342 1671 regite,
365 1586 421 1670 qui
446 1587 532 1673 apud
556 1589 665 1652 urbem
691 1587 876 1664 habebatur,
899 1588 1024 1650 nomine
1052 1587 1189 1651 Italicus.
1244 1586 1305 1647 Pa-

238 1683 360 1734 ternum
375 1670 448 1734 huic
462 1695 561 1756 genus
576 1696 593 1734 e
608 1672 727 1749 Flavio,
744 1673 841 1736 fratre
857 1672 1005 1749 Arminii,
1027 1682 1126 1734 mater
1140 1693 1179 1734 ex
1195 1673 1306 1734 Cattu-

237 1777 332 1832 mero,
350 1755 493 1841 Principe
514 1758 679 1822 Cattorum
700 1771 783 1822 erat:
807 1759 873 1844 ipse
887 1758 987 1821 forma
1001 1756 1142 1833 decorus,
1158 1768 1190 1819 et
1212 1754 1306 1818 armis

240 1973 288 2013 ton.
303 1965 386 2014 Claud.
403 1970 442 2016 41.
459 1970 500 2032 qui
519 1984 557 2017 eas
577 1971 666 2017 litteras
688 1970 757 2017 etiam
788 1971 867 2019 cultus
877 1978 954 2032 gratos
964 1985 1013 2017 esse
1023 1985 1077 2031 erga
1087 1968 1159 2016 Deos.
1190 1966 1225 2014 Ut
1235 1967 1261 2022 2,
1269 1966 1307 2013 la

238 2029 264 2076 in
284 2030 364 2077 multis
378 2031 451 2089 libris,
468 2033 524 2079 actis
541 2033 628 2079 diumis
645 2045 668 2080 et
684 2033 757 2079 titulis
789 2032 1166 2093 militespromittuntGermanico
1172 2032 1308 2090 agrariam

238 2107 334 2156 operum
345 2095 452 2142 restitisse
460 2111 501 2142 suo
511 2103 612 2156 tempore
619 2096 695 2142 tradit
715 2095 756 2141 In·
789 2100 815 2143 in
834 2098 884 2142 acie
902 2096 1020 2143 relaturos.
1054 2094 1145 2141 Deinde
1160 2095 1185 2139 ri
1198 2095 1308 2154 gratiam

239 2156 370 2218 scriptiones
381 2157 495 2220 antiquas,
507 2158 531 2203 in
542 2157 627 2221 quibus
637 2159 757 2222 digamma
788 2159 955 2222 accipiendum,
965 2158 1031 2221 quasi
1039 2157 1135 2205 dixisset
1143 2173 1193 2204 eam
1199 2160 1308 2218 gratiam

240 2219 315 2266 adhuc
330 2220 419 2281 visitur,
435 2221 529 2269 laudavi
545 2222 575 2268 ed
592 2223 686 2270 Sueton.
702 2224 719 2269 1.
737 2239 755 2270 c.
789 2224 825 2271 vel
837 2224 1016 2283 huucgrutiom.
1028 2222 1120 2269 (inor.
1141 2221 1246 2268 freinsh.
1258 2219 1307 2267 scil.

239 2283 281 2330 ubi
300 2299 321 2331 v.
343 2285 399 2332 Intt
424 2287 496 2333 Eun.
537 2285 575 2332 De
593 2286 719 2348 plebiscitis
735 2303 757 2335 v.
789 2301 940 2337 soenorum
952 2286 1007 2334 duci
1021 2293 1186 2348 *rgumentum
1201 2287 1306 2346 putabat,

242 2347 304 2395 (icil.
319 2349 356 2408 to,
368 2351 409 2396 20.
789 2350 853 2414 quod
864 2365 928 2397 secus
939 2358 979 2398 est·

278 2413 452 2478 Vctmtirrimu]
471 2413 550 2474 Quam
562 2414 607 2477 ipsi
615 2414 717 2462 Romani
728 2415 756 2462 li.
824 2416 882 2472 Quoe
894 2417 1032 2477 rettafirm.
1042 2411 1306 2524 Haruspicumjllntel·

241 2479 306 2523 beros
324 2493 376 2525 suos
395 2492 475 2541 capere
489 2479 603 2537 volebant,
622 2493 648 2525 ac
665 2480 757 2541 publice
788 2478 836 2541 ligo
847 2494 917 2527 sane:
937 2478 978 2526 sed
988 2478 1132 2525 nonvidetur
1143 2478 1202 2525 Clau
1219 2477 1255 2524 'us
1265 2492 1306 2525 vo·

240 2541 398 2589 mittebantur.
440 2542 501 2590 Vide
521 2542 641 2590 Valerium
664 2544 693 2591 de
709 2544 758 2589 Re·
789 2544 859 2591 luisse
869 2541 1121 2605 delectumfieri,quid
1131 2540 1306 2603 negligendum,

240 2604 281 2665 lig.
295 2606 317 2661 1,
332 2606 352 2651 1.
370 2614 393 2653 et
404 2604 538 2654 Ciceronem
548 2606 578 2653 de
588 2606 666 2654 Divin.
679 2610 703 2666 2,
716 2608 756 2653 23.
789 2607 847 2670 quid
867 2606 1020 2661 serrandum
1043 2605 1082 2653 sed
1096 2604 1242 2667 disciplinam
1258 2604 1307 2667 pri-

242 2669 316 2715 hrrs.
790 2685 853 2718 scam
864 2670 955 2718 retineri
968 2669 1090 2717 etservari.
1123 2667 1308 2731 Itaquevidetrn

277 2734 427 2795 Temporibus
446 2737 543 2799 accitos]
571 2735 662 2782 Accitis
683 2735 756 2783 MSS.
790 2731 1308 2795 omnesautronufioatediadplinr

242 2806 296 2845 vett
313 2798 364 2846 edd.
382 2813 469 2847 omnes.
508 2798 554 2848 Sed
576 2802 661 2847 accitos
678 2814 757 2846 verum
790 2797 830 2846 illa
841 2798 959 2847 retinenda
969 2807 992 2844 et
1002 2796 1116 2844 &manda
1127 2797 1237 2843 viderent.
1262 2795 1307 2842 Su·

234 2869 284 2920 est,
296 2861 366 2925 idque
376 2863 513 2910 constructio
523 2862 642 2911 desiderat.
671 2863 709 2911 Sic
717 2877 757 2909 vo·
791 2863 891 2925 spiratus
902 2876 953 2909 sum
970 2860 1081 2909 excidisse
1095 2862 1235 2921 disciplina:
1254 2875 1307 2921 quae

242 2924 304 2973 lebet
315 2926 383 2973 etiam
395 2926 523 2975 Groslotius
533 2927 557 2974 in
571 2926 629 2990 Syll.
641 2928 756 2975 Burmt.
790 2935 865 2975 ament
879 2925 999 2988 disciplina
1015 2924 1173 2986 Haruspicum
1189 2923 1308 2971 retinenda

238 2988 265 3034 .l.
282 2992 373 3063 peso.
390 2991 462 3038 Eun.
495 2992 590 3039 Accitur
605 3006 634 3039 ex
650 2990 701 3039 cod.
713 2998 756 3038 vet
788 2989 965 3053 finnandaque3
988 2987 1066 3052 phrasi
1087 2988 1182 3051 antiqua
1197 2995 1221 3035 et
1237 2989 1306 3045 bonu,

242 3052 305 3101 dedit
315 3053 422 3102 Ursinus.
454 3054 517 3103 Bud.
530 3057 619 3102 accitis.
789 3068 862 3117 qutun
879 3067 940 3117 sepe
955 3061 1106 3115 corrupemnt
1119 3051 1205 3098 librarii
1219 3051 1308 3097 inscitia

279 3119 411 3181 Vauseanr]
434 3118 480 3165 ud.
499 3119 589 3167 Puteol.
605 3121 756 3177 invalescant,
789 3119 869 3181 prisca
893 3116 1031 3165 latinitatis.
1072 3115 1106 3166 Et
1130 3114 1306 3177 intelligendum

236 3189 266 3228 et
284 3195 363 3228 omnes
378 3182 483 3245 deinceps
499 3182 528 3230 sd
543 3182 677 3242 Pichenam,
709 3184 757 3231 uie
782 3184 876 3247 forem.
891 3182 964 3230 Eun.

243 3244 299 3292 MS.
316 3245 379 3293 Flor.
395 3246 493 3294 restituit
510 3248 634 3305 noberunt,
649 3262 681 3310 qu
723 3256 757 3295 et-
823 3243 1305 3309 uomaputvu1Ms.vett.edunom.

241 3308 289 3355 iam
299 3309 335 3356 ed.
350 3309 455 3373 princeps
469 3311 546 3358 habet
581 3310 691 3358 Tacitum
702 3312 757 3358 sim.
789 3310 892 3360 Alduse
903 3310 1012 3358 Rhenani
1022 3309 1153 3369 conjectura
1167 3308 1252 3371 recepit
1261 3307 1309 3369 pri-

242 3372 340 3483 pilicibus
355 3372 461 3421 delectari
474 3382 668 3438 supranotatum.
685 3374 756 3423 Eun.
789 3390 843 3423 mus
861 3376 939 3423 Rom
958 3376 995 3437 (ut
1015 3374 1053 3430 12,
1074 3371 1221 3434 14),un
1238 3371 1306 3418 ceteri

268 3436 307 3484 ud.
316 3438 440 3485 noberunt.
788 3447 850 3487 recte
860 3439 932 3487 secuti
942 3446 1004 3485 sunt.
1022 3438 1093 3484 Eun.
1126 3436 1189 3482 But.
1201 3437 1284 3484 Rome

275 3502 440 3563 Rcflrroudom,
452 3504 491 3566 rte]
510 3502 564 3550 Non
573 3503 662 3552 videtur
673 3503 758 3566 cepisse
822 3504 932 3563 Italicae]
951 3501 1057 3565 Ryckius
1074 3515 1087 3547 e
1101 3499 1152 3547 cod.
1161 3499 1243 3561 agric.
1252 3514 1306 3561 pro-

242 3564 278 3611 vir
294 3564 399 3627 insignis,
416 3566 596 3624 Freinshemius,
608 3582 682 3630 quum
694 3567 758 3628 judi·
789 3568 834 3615 fert
844 3567 1120 3630 probatqueIeulicus,et
1130 3563 1197 3611 sicin
1207 3577 1307 3626 aequem

242 3628 309 3687 cavit,
326 3629 370 3676 hoc
384 3632 516 3677 membrum
532 3646 547 3678 a
561 3632 668 3694 proximo
681 3638 757 3688 rorte
789 3632 853 3679 tibus
863 3630 934 3679 etiam
944 3630 1052 3678 exhibere
1062 3628 1117 3675 MS.
1129 3628 1193 3675 Hor.
1223 3628 1256 3677 lit
1264 3627 1306 3685 sic,

241 3694 368 3755 ὑποστιγμῇ
390 3694 552 3756 separandum.
592 3694 676 3758 Neque
694 3694 756 3741 enirn
790 3695 869 3759 quoad
877 3695 1000 3759 posteriora
1010 3694 1070 3749 loca,
1080 3690 1191 3739 edamed
1215 3707 1235 3737 r.
1257 3690 1309 3738 Ita·

241 3771 328 3802 novum
349 3766 513 3819 argumentum
532 3768 574 3817 est,
592 3767 634 3806 aut
650 3757 757 3806 stimulus
790 3773 893 3823 quenon
904 3758 1008 3806 dubitari
1018 3755 1143 3804 restituere.
1164 3755 1189 3804 V
1254 3758 1307 3803 Ita·

240 3820 374 3867 hortationis
384 3820 490 3869 differens
498 3823 528 3870 ab
539 3838 574 3879 eo,
586 3838 633 3885 quo
640 3824 691 3883 jam
701 3836 757 3869 usus
789 3826 835 3871 lue.
851 3823 925 3873 Eun.
957 3821 1020 3870 Bao
1035 3821 1128 3869 Ytatas.

240 3892 289 3931 est:
308 3883 347 3943 sed
361 3885 385 3932 id
398 3885 485 3947 ipsum,
496 3886 559 3949 quod
573 3887 664 3934 brevius
675 3885 756 3948 attige-
823 3890 847 3935 Ε
858 3888 956 3950 Flauio]
974 3885 1012 3933 Cf.
1024 3887 1050 3941 2,
1061 3886 1084 3932 9.

243 3949 757 4013 ratpersequiturexplicatius.Grotiu‚quam
822 3954 864 3999 Eu
879 3951 1017 4013 Cotunrero]
1036 3950 1067 3997 In
1080 3947 1156 3996 Vatic.
1172 3956 1215 4005 est,
1230 3948 1305 3994 Actu-
1336 3992 1342 3997 .

235 4010 295 4059 -Diis
305 4011 383 4060 referri
392 4014 536 4070 causabar
547 4023 646 4072 estune,
660 4024 687 4065 ut
701 4014 757 4062 ceri-
789 4031 870 4064 meroe
882 4016 994 4064 Strabone
1007 4014 1030 4067 7.
1048 4028 1072 4074 p.
1084 4014 1142 4059 292.
1174 4011 1308 4077 odxpiprpor

243 4076 334 4133 monia,
347 4080 414 4125 rebus
424 4078 538 4125 Romanis
548 4078 623 4125 multo
631 4077 758 4127 minoribus
789 4081 877 4140 ἡγεμὼν
890 4079 991 4137 liviscor,
1001 4076 1027 4124 id
1037 4085 1080 4131 est,
1096 4078 1252 4123 Uermueruar
1270 4074 1307 4120 vel

237 4148 284 4187 aut
293 4140 317 4186 in
329 4151 391 4188 arcto
401 4150 496 4189 servatae
508 4141 636 4205 diligenter,
648 4150 694 4190 tem
727 4142 757 4189 ri-
789 4144 821 4191 ad
837 4150 931 4206 etymon
949 4140 1115 4189 Germanicum
1130 4136 1215 4195 verius,
1231 4138 1306 4185 Acro-

245 4204 288 4249 bus
299 4205 402 4253 secundis
413 4219 442 4252 ne
455 4206 608 4269 negligantur.
642 4206 670 4253 In
713 4205 756 4247 ‘'·
789 4214 876 4255 nurus.
895 4206 970 4253 Ltus.
1002 4206 1130 4252 Actumero
1139 4200 1209 4248 etiam
1222 4200 1258 4249 ed
1270 4217 1305 4262 pr.

245 4280 298 4315 mus
309 4268 368 4315 enim
378 4273 495 4330 gratiam,
509 4284 555 4317 non
567 4286 619 4333 quae
630 4270 705 4318 verbis
716 4270 758 4317 he·
790 4271 846 4319 MS.
864 4270 934 4317 Bodl.
961 4270 1107 4317 eactrtmero.
1137 4266 1209 4312 Enu-
1243 4264 1308 4311 Bud.

246 4331 342 4387 beretur,
357 4343 396 4380 aut
407 4332 457 4381 aliis
468 4334 594 4397 suppliciis.
608 4334 647 4382 scd
658 4334 678 4381 si
694 4334 758 4381 fieret
790 4337 927 4383 Actorum.
959 4334 1000 4379 Ex
1015 4329 1084 4377 Bodl.
1101 4329 1191 4377 videtur
1206 4328 1306 4375 scriben-

246 4403 304 4454 tum,
323 4411 351 4443 cx
366 4413 411 4459 qno
433 4408 560 4461 appareret,
576 4399 600 4446 in
616 4398 659 4450 hoc
677 4412 759 4461 genere
791 4399 849 4446 dum
862 4401 1008 4446 Cutturncro.
