3042 4950
224 237 282 293 aas
318 211 321 214 ’
422 269 427 278 .
634 227 866 289 susurrum
1122 223 1295 301 [casm.

233 395 344 480 “Ego
368 414 426 455 me.
441 392 520 455 bene
545 391 673 455 liabeo?
718 388 845 458 Civitati
869 390 987 475 grande
1008 386 1197 459 desiderium
1222 387 1293 471 ejus

232 479 357 556 mansit,
367 498 424 575 per
434 468 755 555 memoriamvirtutis,
766 487 798 541 et
809 496 1019 541 successorum
1029 472 1157 537 alterius
1167 492 1293 558 segnem
1336 530 1339 535 .

233 567 449 640 innocentiam,
458 562 582 626 alterius
590 556 1293 649 flagrantissimaflagitiaetadulteria:quippe

236 651 343 715 Coesar
352 650 433 713 duos
444 648 602 712 Proetoriis
612 649 791 713 cohortibus
798 647 997 732 inposuerat:
1011 644 1145 709 Fenium
1156 644 1293 719 Rufum,
1322 651 1325 657 ’

233 759 274 801 ex
284 734 373 823 vulgi
381 734 498 813 favore,
507 733 583 830 quia
593 732 901 797 remfrumcntarism
912 729 977 793 sine
987 744 1111 815 quaestu
1121 728 1295 793 tractabat:

237 821 400 887 Sofonium
416 818 619 905 Tigelhnum,
634 833 771 883 veterem
787 815 1002 915 inpudicitiam
1021 829 1117 901 atque
1134 814 1295 878 infamiam

234 907 269 971 in
282 930 320 971 eo
333 916 465 971 secutus.
492 904 600 989 Atque
613 903 659 967 illi
673 927 731 990 pro
744 902 875 989 cognitis
889 900 1029 965 moribus
1042 901 1147 965 fuere:
1163 898 1295 963 validior

234 1079 288 1126 terre
301 1079 377 1125 moen
405 1077 497 1125 Acuter
514 1084 538 1123 et
552 1074 613 1123 illud
627 1076 745 1134 mmmm,
779 1074 923 1137 Agrippina
938 1082 961 1123 et
975 1077 1065 1146 Liuia,
1076 1086 1183 1121 sororum
1200 1072 1228 1119 C.
1241 1071 1294 1119 Ce-

198 1154 202 1158 ·
237 1152 265 1191 ut
285 1140 366 1201 Burri,
388 1153 435 1188 non
457 1139 543 1199 Taciti,
565 1139 634 1186 etiam
657 1138 750 1202 prefert
780 1141 849 1185 sarm.
883 1138 951 1187 Nihil
967 1138 1057 1187 certius.
1090 1138 1155 1185 Nam
1172 1136 1209 1183 M.
1223 1134 1295 1183 Vini-

236 1205 329 1255 Auidii
343 1204 419 1264 lectio,
434 1206 504 1254 verbe
518 1204 570 1263 ista,
581 1204 691 1251 nummus
704 1216 750 1263 ego
781 1202 830 1250 cius
848 1202 941 1251 Liviam
961 1201 1093 1251 Germanici
1109 1201 1182 1247 filiam
1195 1210 1297 1247 uxorem

237 1286 275 1317 me
289 1272 344 1317 bene
356 1270 434 1328 babeo,
450 1268 496 1316 alio
510 1268 637 1316 aberam
651 1267 750 1315 formata
781 1266 870 1322 habuit,
891 1274 915 1315 et
937 1267 966 1315 Ιι.
989 1265 1108 1314 Domitius
1129 1264 1296 1327 Agrippinam.

238 1335 355 1383 exhibens.
388 1332 516 1381 Commode
533 1342 620 1392 tamen,
639 1333 749 1379 lucemus
782 1328 877 1379 Tacitus
893 1334 922 1391 6,
933 1334 972 1379 45,
1004 1331 1073 1379 Idem
1083 1328 1195 1391 Tigellini
1208 1338 1297 1376 nomen

236 1396 750 1512 illiditlffiedlthiiilt
782 1390 1298 1518 crucesignatorum:

237 1536 317 1575 anim
327 1476 655 1589 ruponmquevbdtpdioet
664 1524 751 1572 Seneca
783 1512 904 1585 quirrtmis
919 1538 943 1571 re
959 1523 1111 1585 Nymphidio
1129 1489 1152 1568 'a
1169 1520 1300 1568 Gemellim

236 1592 314 1654 Epist.
324 1590 364 1639 24.
379 1591 441 1637 simut
454 1590 523 1636 illum
537 1592 582 1639 Cn.
594 1590 702 1649 Pompeii
715 1602 751 1635 ro-
778 1588 903 1653 proecipue'
915 1590 1054 1637 medendum
1065 1586 1170 1648 putonii.
1203 1582 1300 1632 Gemel-

238 1670 319 1703 eerum
330 1655 472 1716 Scipionem,
488 1655 530 1715 qui
542 1656 661 1701 contrario
677 1655 703 1700 in
713 1653 751 1699 A·
783 1652 859 1701 linum
874 1654 938 1701 hunc
952 1667 1067 1715 nusquam
1081 1665 1105 1697 re
1146 1650 1188 1706 ias,
1205 1656 1228 1695 et
1243 1662 1300 1709 sup·

230 1719 326 1781 sricum
337 1724 404 1765 vento
416 1720 510 1777 rentur,
523 1733 576 1765 mm
584 1720 658 1765 teneri
668 1731 751 1764 mecm
783 1718 945 1781 ponefidenter
954 1718 1078 1777 Tigellino.
1119 1714 1225 1776 dprobat,
1232 1710 1299 1774 quod

238 1798 307 1830 mum
315 1784 403 1831 uideret
410 1784 439 1828 ab
448 1783 559 1841 boniba,
563 1783 635 1844 ferro
642 1796 666 1827 se
674 1788 750 1829 trene-
783 1782 832 1845 ipse
842 1782 921 1829 subdit
934 1780 1049 1829 desertum
1061 1778 1179 1825 Neronem
1192 1778 1222 1823 ab
1232 1784 1297 1821 utro-

239 1847 377 1906 muravit,
389 1854 411 1894 ei
425 1848 588 1907 querentibus,
600 1846 640 1892 uti
651 1847 752 1907 imperu-
801 1862 846 1903 ue;
867 1844 930 1910 quod
947 1844 1056 1902 historiar,
1076 1851 1100 1890 et
1114 1839 1252 1903 nominatim
1267 1838 1298 1887 de

229 2008 302 2102 sii,
319 1988 612 2102 mimi
626 1989 753 2102 istim
785 1974 1090 2101 dimitteritis.
1109 1986 1194 2082 ‘iiii
1227 2032 1300 2081 sia

236 2105 341 2165 gloriam
355 2117 402 2150 non
415 2109 449 2149 est
461 2104 604 2163 interrumpi
616 2117 695 2165 pumu,
709 2110 751 2149 eto
787 2102 851 2150 Bud.
1245 2136 1246 2141 ,

240 2168 332 2216 Gnorr.
365 2166 420 2214 Hoc
435 2181 524 2214 verum.
556 2165 603 2213 Sed
619 2166 675 2213 MS.
690 2165 753 2213 Flor.
818 2168 856 2215 Ae
874 2182 924 2228 ques
943 2166 981 2212 illi
993 2179 1040 2227 pro
1058 2164 1164 2225 cogeretis
1182 2162 1298 2223 inmites]

240 2233 277 2297 (et
290 2231 366 2291 Bud.)
378 2238 402 2279 et
417 2230 454 2279 ed.
468 2246 503 2293 pr.
518 2228 605 2278 habeut
614 2231 752 2290 reanimati,
775 2230 840 2279 .Non
851 2230 956 2293 displicet
966 2228 1104 2277 Famesiana
1115 2227 1243 2289 scriptura:
1262 2234 1300 2273 ct-

239 2295 396 2421 didui‘}
413 2294 753 2418 Ψῆἓῗιιιῗωῗῖἐέοῗὲ
786 2290 1301 2419 tff‘ttttltttttlttlttttl

239 2425 418 2489 proadulters’u.
474 2422 754 2470 tiamal'lor.abestoo-
787 2375 856 2486 que.p
864 2420 1028 2478 Vatiarel'ert,
1036 2420 1170 2482 progenitis
1181 2420 1300 2465 moribus.-

239 2487 303 2553 pulu
321 2488 376 2548 Sed,
384 2489 429 2536 nisi
438 2488 548 2536 Tacitum
559 2502 642 2550 pamm
650 2495 755 2534 accurate
787 2489 912 2545 tentabam,
925 2502 972 2549 pro
984 2487 1063 2546 gentis
1073 2486 1219 2546 neojvribue5
1237 2483 1303 2546 qnasi

241 2551 357 2614 scripsisse
370 2552 480 2607 dicamus,
491 2551 529 2599 bic
544 2551 609 2598 aliud
618 2550 676 2614 quid
690 2551 754 2597 latet.
787 2550 985 2598 commendatione
1004 2548 1112 2596 vitiorum
1129 2563 1171 2611 pro
1186 2547 1302 2596 natalibus

241 2613 307 2677 Nam
322 2617 439 2664 alumna
454 2623 509 2662 sunt
523 2615 548 2661 in
556 2616 669 2676 flagitiis.
700 2614 755 2662 Nisi
788 2631 851 2664 usus.
869 2612 1034 2662 Humilitatem
1046 2612 1141 2676 quidem
1151 2611 1241 2675 generis
1251 2613 1302 2672 ejus

242 2693 297 2728 vero
306 2679 380 2728 voluit
394 2678 472 2742 generi
482 2678 542 2726 banc
553 2679 652 2741 speciem
662 2677 754 2736 addere,
787 2687 852 2726 notat
862 2679 925 2726 idem
934 2679 1029 2726 Tacitus
1037 2677 1072 2730 H.
1081 2676 1103 2737 l,
1112 2677 1152 2732 72.
1170 2677 1302 2738 sophonias

242 2742 310 2791 utin
342 2759 397 2790 uam
412 2742 437 2788 in
453 2741 535 2804 primis
548 2741 675 2809 flagitiosus
690 2751 754 2790 esset.
789 2741 919 2804 Tigellinus
945 2743 1046 2789 obscuris
1069 2743 1215 2803 parentibus,
1234 2741 1303 2804 sceda

242 2807 301 2855 Post
352 2822 390 2854 en.
400 2807 501 2854 malebat
509 2812 659 2854 tractaverat.
677 2805 756 2854 Immo
784 2808 897 2869 poenitio.
930 2805 1000 2854 Forte
1015 2814 1039 2852 et
1054 2805 1086 2854 sic
1100 2805 1148 2868 leg.
1164 2812 1192 2852 ut
1208 2807 1249 2865 qui
1265 2806 1304 2852 illi

244 2877 368 2919 tractarat.
399 2871 470 2918 Ean.
504 2870 567 2918 Bud.
578 2871 698 2918 tremulat·
783 2885 831 2936 pro
836 2872 939 2932 geminis
947 2871 1051 2916 moribus
1052 2871 1154 2932 funerei.
1164 2869 1302 2928 Geminum,

245 2935 248 2938 ’
277 2935 401 2997 Sofonium
427 2935 584 2998 Tigellinum]
612 2933 757 2996 Tigellinum
789 2933 870 2992 simile.
904 2933 1023 2982 Emeritus
1045 2949 1099 2996 ergo
1117 2932 1246 2996 Tigellinus
1264 2931 1302 2981 ie-

243 2998 297 3046 libri
313 2998 439 3062 appellant,
456 3006 479 3046 et
494 2998 578 3054 Graeci,
595 2997 681 3061 quibus
696 3013 757 3045 sem-
789 3013 867 3046 vorem
878 2998 979 3046 Neronis
995 2995 1145 3046 similitudine
1161 3011 1253 3044 morum
1268 2997 1304 3045 vi-

243 3079 285 3126 per
305 3065 438 3120 Τιγιλλῖιος.
474 3062 507 3110 So
582 3061 631 3108 'nr
652 3069 758 3125 corrupte
790 3061 927 3125 tiorumque.
960 3062 1015 3120 Sed,
1032 3075 1062 3110 ne
1077 3061 1228 3118 ffiuimulem,
1244 3061 1304 3110 Far-

244 3125 454 3190 epitomaDionis:
521 3126 588 3172 nium
601 3124 678 3174 Tacit.
689 3125 723 3174 H.
734 3127 756 3183 l,
790 3125 883 3174 umbra
897 3126 965 3174 lectio
980 3125 1304 3174 firmeriomninoeVictore

246 3191 285 3245 72
301 3189 412 3250 Quodait
422 3189 452 3238 de
459 3188 759 3252 vetereinlamimntelligit
791 3189 889 3249 videtur,
907 3189 1010 3252 phrasim
1026 3191 1087 3238 hanc
1106 3189 1238 3248 amulante,
1255 3189 1306 3238 imo

246 3254 313 3302 eredo
338 3260 445 3316 stuprum
470 3254 521 3314 ejus
546 3268 600 3301 cum
625 3251 758 3318 Agrippina
790 3251 1181 3314 sumentesTacito,inOthoner
1202 3255 1249 3306 Qut
1260 3269 1305 3315 po-

245 3328 320 3366 matre
336 3316 436 3365 Neronis
450 3335 458 3375 ;
489 3333 520 3364 ua
535 3332 615 3365 caussa
630 3333 645 3364 a
661 3317 718 3366 Caio
733 3316 758 3364 in
790 3319 864 3366 tentia
882 3319 930 3376 dier
943 3320 998 3381 fere
1017 3319 1118 3378 quinque
1136 3323 1160 3364 et
1178 3320 1306 3379 octoginta,

246 3381 354 3430 exsilium
365 3381 454 3443 pulsus.
509 3381 531 3428 ‘o
541 3383 582 3439 59,
594 3381 633 3428 23.
646 3380 664 3425 ἔν
675 3383 759 3435 τούτοις
786 3383 940 3447 procognitir
951 3382 1060 3440 milui,
1073 3383 1306 3443 metamaucum

247 3443 758 3505 ὃὶτᾶτιφιῦγιυσικαὶόΤιγιλλῒιοςόΣωφόνιος,
791 3461 806 3492 α
822 3446 914 3492 Vitellio
924 3447 1008 3507 pulsus
1024 3452 1064 3498 etl,
1076 3452 1176 3494 moriem
1191 3448 1237 3492 eidi
1252 3461 1306 3494 con-

246 3512 277 3559 ὡς
288 3509 324 3553 κα)
333 3506 470 3566 ’Appenninus
480 3509 638 3582 μεζιιιχιυκὼς,
651 3508 759 3568 ἐξέπεσεν.
792 3510 869 3556 sciuit.
900 3509 983 3573 Atque
993 3509 1026 3556 ita
1035 3509 1117 3557 Victor
1127 3526 1134 3556 t
1152 3518 1231 3558 umen
1240 3511 1307 3572 inge·
1403 3533 1406 3538 ’

246 3570 340 3620 Montio
355 3570 416 3618 clara
430 3570 538 3629 homins,
555 3585 603 3617 rmo
618 3570 693 3618 brevis
707 3571 760 3620 vitae
792 3573 870 3620 niosus
881 3573 999 3622 Mercerus
1014 3573 1106 3620 divisim
1119 3574 1161 3621 illa
1171 3573 1307 3622 Farnesiani

248 3633 376 3698 descriptio,
387 3633 412 3679 in
428 3633 548 3682 sclrolinste
559 3634 628 3682 veteri
638 3634 761 3683 iuvenalis
792 3635 875 3686 codicis
884 3637 983 3700 legebat,
1000 3639 1037 3684 illi
1048 3652 1095 3699 pro
1106 3639 1223 3699 capitiis.-
1238 3638 1306 3698 tales,

248 3699 278 3747 ad
295 3712 387 3746 versum
405 3697 428 3755 l,
446 3697 500 3744 155.
527 3698 595 3745 Pone
609 3700 759 3760 Tigellinum
792 3701 872 3764 quales
878 3701 1051 3762 jamentenoti.
1068 3701 1143 3749 lsrrs.
1160 3701 1304 3764 Siropotius,

246 3762 278 3812 Ὀ.
285 3762 412 3810 Fulcinius
421 3760 600 3825 (corrigendum,
611 3765 639 3811 C.
648 3764 759 3826 Ofonius)
792 3764 826 3812 ita
841 3765 941 3824 valuere,
958 3773 985 3812 ut
1001 3780 1075 3812 mores
1094 3766 1179 3827 cogniti
1194 3767 1307 3828 utiusque

246 3827 392 3890 Tigellinus,
404 3831 475 3888 patre
491 3825 660 3886 Agrigentino,
677 3828 760 3888 sinu·
793 3827 903 3890 ferebam
920 3828 957 3876 lta
966 3837 1025 3877 certe
1036 3830 1087 3878 vult
1097 3829 1225 3888 blesens,
1236 3837 1308 3892 atque

249 3906 316 3938 ceum
335 3891 451 3950 relegatus
462 3891 566 3952 Junenis,
584 3904 661 3950 egem,
679 3907 761 3939 verum
793 3891 818 3939 id
834 3893 952 3956 sequentia
965 3893 1110 3950 desiderantr
1128 3893 1249 3958 inquibus
1264 3907 1307 3940 ex-

249 3957 374 4004 udmodum
387 3955 494 4015 pulcher,
511 3956 538 4000 in
554 3955 730 4002 cormubirsatum
747 3972 762 4002 u
793 3955 892 4019 plicatur
908 3957 1013 4005 distincte
1029 3957 1058 4004 de
1074 3958 1177 4020 singulis,
1194 3955 1252 4020 quid
1267 3957 1306 4016 sit,

250 4021 337 4065 Bimio
344 4021 367 4064 ct
373 4018 449 4064 Lucio
455 4019 563 4068 Domitio
570 4019 761 4082 umritieAgrip·
789 4034 836 4082 pro
847 4023 948 4082 cognite
958 4023 1121 4068 moribusesee.
1136 4021 1247 4069 Ceterum
1253 4036 1305 4078 cor·

245 4086 313 4144 pisce
323 4087 346 4128 et
353 4083 448 4128 Fulvio
459 4095 566 4128 sororum
576 4082 762 4145 Continuique
794 4083 918 4131 rectionem
936 4085 1034 4132 Merces-i
1054 4085 1138 4149 recepit
1156 4085 1246 4149 primus
1265 4085 1306 4132 Pi-

250 4148 276 4191 in
292 4147 398 4206 utrisque
414 4146 525 4192 uxoribus
540 4153 667 4206 suspectus,
679 4147 705 4192 ob
720 4149 763 4195 lroc
795 4147 874 4206 ebena,
895 4163 965 4210 quem
981 4149 1049 4196 ceteri
1066 4149 1137 4197 secuti
1153 4157 1216 4198 sunt.
1232 4149 1305 4198 MSS.

250 4209 306 4255 urbe
325 4207 450 4256 submmue.
487 4208 561 4256 Plura
581 4209 629 4257 illic
647 4210 707 4266 vide,
722 4211 762 4259 sed
795 4211 832 4258 m
845 4210 931 4272 (Bud)
941 4212 1020 4260 Guell'.
1027 4220 1095 4274 atque
1103 4215 1140 4260 illi
1146 4229 1193 4276 pro
1202 4217 1307 4276 cognatis

248 4270 404 4334 hiecconiger
414 4288 429 4319 a
442 4273 652 4330 vintoniam·
661 4274 763 4339 itemque
795 4275 990 4338 moribusfuerer
1007 4277 1071 4340 quud
1086 4276 1110 4330 J·
1121 4278 1251 4328 Gronovius
1266 4293 1306 4328 ex·
