3042 4950
229 248 288 304 aas
459 220 463 231 “
642 243 874 304 ANNALIUM
1125 247 1285 320 [susm

235 421 395 473 nocturnoe
414 406 527 493 quietis
547 406 608 473 imo
631 408 711 471 ‘uem
725 408 768 471 ad
894 405 981 470 haud
998 405 1127 476 dubiam
1148 408 1297 472 retraxit:

237 508 407 579 vectusque
433 492 579 570 Romam,
635 492 759 577 rincipis
782 430 903 556 affirm
925 502 1107 568 emereatur,
1131 493 1298 577 expromit,

239 584 428 663 “repertum
442 576 474 639 in
484 600 559 663 agro
570 600 627 641 suo
638 599 762 663 specum
772 573 1098 651 altitudine‘inmenso,
1109 598 1175 661 quo
1184 598 1301 663 magna

238 662 285 725 vis
298 663 366 726 ami
381 661 599 739 contineretur,
614 684 676 724 non
691 660 723 723 in
737 660 869 724 formam
883 661 1035 745 pecunias,
1045 658 1100 722 sed
1113 660 1186 723 rudi
1198 674 1230 724 et
1239 684 1300 725 an-

239 746 328 832 tiquo
342 746 494 833 pondere:
518 746 628 809 lateres
642 744 760 831 quippe
781 766 958 830 praegraves
974 743 1088 841 jacere,
1103 745 1299 810 adstantibus

238 844 328 917 parte
346 830 406 894 alia
423 829 595 903 columnis3
618 852 690 916 quae
712 844 907 915 portantum
927 849 987 891 aevr
1005 826 1127 891 occulta
1147 831 1299 915 augendis

262 916 444 979 raesentibus
456 914 556 979 bonis.
587 917 745 991 Ceterum,
756 928 792 976 ut
802 914 981 997 conjectura
994 911 1229 993 demonstraret,
1240 916 1300 979 Di-

238 938 349 1063 donem
366 998 536 1074 Fenissam,
557 998 648 1085 Tym
668 998 847 1083 profugam,
868 996 993 1060 condita
1007 996 1206 1096 Carthagine,
1229 999 1310 1063 illas-

238 1108 258 1146 0
298 1084 488 1159 subdidisse,
500 1105 540 1147 ne
552 1106 650 1146 novus
706 1081 801 1167 pulus
814 1080 909 1144 nimia
919 1080 1051 1165 pecunia
1064 1078 1225 1161 lasciviret,
1240 1098 1299 1147 aut

242 1107 346 1255 [iiges
362 1167 582 1245 Numidarum,
598 1180 628 1231 et
647 1166 722 1230 aias
743 1165 864 1243 infensi,
878 1164 1024 1249 cupidine
1037 1165 1105 1228 auri
1118 1166 1159 1229 ad
1180 1168 1299 1232 bellum

238 1253 505 1331 accenderentur.”

287 1339 329 1401 ΙΙ.
355 1335 460 1423 Igitur
484 1338 580 1414 Nero,
607 1358 669 1399 non
692 1336 837 1411 auctoris,
868 1356 930 1397 non
962 1334 1060 1419 ipsius
1091 1338 1206 1423 negotii
1233 1337 1300 1401 fide

241 1422 313 1487 satis
335 1432 481 1507 spectata,
496 1442 552 1484 nec
573 1419 681 1497 missis,
702 1441 759 1506 per
773 1442 852 1505 quos
873 1432 1020 1495 nosceret,
1040 1441 1088 1497 en,
1103 1443 1175 1485 vera
1195 1422 1300 1486 adfer-

239 1593 295 1640 Riv.
309 1592 345 1639 At
355 1592 406 1641 edd.
418 1609 454 1656 pr.
465 1592 572 1641 Beroald.
587 1606 615 1639 ex
627 1594 751 1655 promum,
785 1592 925 1639 monuimus.
959 1591 1058 1639 Secutus
1071 1590 1300 1641 nosestBroterius.

238 1656 302 1719 quod
318 1658 387 1704 etiam
404 1667 439 1705 est
454 1672 468 1704 a
483 1672 554 1703 manu
571 1671 614 1704 ser.
629 1656 654 1702 in
673 1656 752 1704 Guelf.
787 1656 857 1703 Eleu.

239 1722 299 1782 Reg.
310 1730 332 1768 et
343 1720 396 1767 edd.
411 1722 519 1768 omnibus
534 1734 608 1783 usque
624 1719 654 1766 ad
671 1720 752 1767 Piohe-
817 1721 935 1767 Didonem
950 1721 1073 1767 Fcnimm
1109 1717 1168 1765 Hac
1186 1719 1300 1781 scriptura

238 1798 301 1830 nam.
334 1784 467 1831 lectionem
484 1784 536 1831 MS.
555 1784 594 1831 ri
609 1782 704 1830 dubiam
715 1784 750 1830 t'a·
782 1793 820 1844 est
828 1777 958 1830 MS.'Flor.
969 1786 1004 1846 (et
1014 1783 1077 1831 Bud
1101 1799 1155 1846 quie
1170 1792 1193 1830 et
1208 1784 1232 1829 in
1243 1784 1298 1832 edd.

237 1846 269 1894 cit
291 1856 368 1894 tamen
391 1849 443 1895 Jac.
463 1847 613 1895 Gronovius:
635 1861 681 1893 non
704 1862 751 1909 quo
784 1846 972 1909 Lips.'1¹'reinah.
990 1846 1160 1894 Gronoviorum
1176 1846 1297 1909 reperitur,

236 1912 287 1972 ipse
301 1912 370 1957 aliam
388 1911 479 1967 notarit,
497 1910 545 1966 red,
578 1908 625 1957 uod
641 1910 710 1957 frater
727 1918 750 1957 et
783 1918 807 1957 et
833 1926 848 1956 a
878 1909 904 1956 J.
933 1909 1051 1957 Gronorio
1078 1909 1213 1956 defenditur.
1239 1910 1297 1959 MS

233 1976 351 2035 promisso
365 1974 460 2032 notamt,
478 1974 541 2036 quod
554 1926 593 2020 tie
607 1972 689 2020 Tacito
703 1988 750 2021 non
784 1973 863 2020 Guelf.
884 1975 919 2032 (et
935 1971 1007 2035 Agr.)
1031 1974 1181 2025 Pherinum,
1201 1982 1224 2020 et
1245 1974 1300 2023 edd.

236 2038 358 2099 indignum
376 2037 449 2085 docet.
482 2038 510 2085 In
526 2053 573 2099 quo
592 2037 749 2091 non't'allitur.
783 2044 837 2083 vett.
857 2050 945 2088 omncs.
969 2045 1005 2096 (et
1021 2031 1111 2098 Ryck.)
1153 2036 1193 2083 Ex
1214 2038 1297 2086 eodan

238 2102 284 2149 Sed
299 2102 368 2148 trater
386 2102 480 2149 fortasse
497 2102 569 2148 salsus
583 2111 627 2147 'eet
672 2103 750 2163 Argu-
784 2099 846 2147 Flor.
857 2102 882 2147 J.
894 2100 995 2148 Gmnov.
1008 2100 1062 2147 dure
1077 2100 1151 2147 voluit
1160 2102 1232 2154 Dido,
1243 2117 1299 2165 quie

237 2162 619 2212 mentumeBeroaldoriihilieet.
653 2164 749 2211 Falsum
783 2164 901 2211 formant
916 2180 953 2227 ap.
971 2163 1054 2225 Vngil.
1066 2164 1122 2210 AEn.
1140 2168 1164 2224 4,
1182 2170 1236 2213 383.
1253 2167 1297 2214 ced

237 2228 309 2285 enim,
325 2242 378 2275 eum
396 2230 436 2275 hos
451 2227 522 2275 libror
538 2242 551 2274 e
567 2227 628 2274 Flor.
644 2226 749 2275 edidisse.
782 2242 857 2289 opere
867 2242 913 2274 non
928 2236 1062 2289 paruerunt.
1095 2228 1166 2275 Bau.

238 2290 357 2347 ceterum,
382 2293 401 2338 si
422 2299 445 2339 ct
464 2294 580 2353 promisso
600 2291 654 2338 libri
674 2291 750 2339 idonei
815 2292 920 2338 Etaltor
933 2291 1031 2353 infensi]
1047 2291 1130 2339 Heins-
1144 2291 1236 2351 conjicit
1250 2294 1300 2359 leg.

236 2366 298 2403 emta
319 2355 452 2403 aueufime
477 2354 614 2413 firmaretur,
640 2354 665 2401 id
691 2370 757 2417 prae.
782 2357 812 2401 ei.

236 2418 327 2467 ferrern.
360 2419 431 2466 Enii.
464 2420 494 2466 In
508 2418 584 2481 Regio
594 2419 748 2482 quoquecod.
815 2420 870 2466 Nec
887 2421 966 2467 miras
982 2414 1109 2485 comonis]
1130 2419 1168 2466 Ita
1183 2413 1315 2469 &rumores

236 2482 298 2530 lali.
325 2483 408 2546 reperit
436 2497 466 2530 ec
487 2485 612 2545 prmissa,
637 2491 750 2546 putatque
782 2481 899 2547 Apuleius
909 2483 1031 2540 dixitetsi
1046 2483 1091 2530 olio
1102 2483 1203 2546 quodam
1217 2501 1296 2546 sensu,

236 2545 346 2594 Tacitum
357 2545 449 2594 'dedisse
463 2553 486 2593 et
496 2547 621 2607 proniore,
638 2555 664 2594 ut
682 2547 705 2606 l,
725 2549 748 2592 2.
784 2547 806 2594 l.
825 2545 936 2595 Florido:
959 2549 1040 2608 Siquis
1048 2547 1116 2610 sorte
1133 2549 1158 2594 in
1179 2550 1221 2596 hor
1237 2553 1298 2612 pul-

236 2625 309 2672 qaum
317 2611 464 2674 ferocissimi
470 2625 516 2672 per
526 2611 587 2656 acies
596 2615 639 2656 aut
645 2612 750 2671 proscri-
782 2611 899 2657 cherrima
908 2619 966 2659 coetu
981 2627 1010 2658 ex
1021 2611 1069 2656 illie
1080 2612 1223 2659 tnvtsortim
1237 2615 1300 2660 meis

233 2677 315 2736 priore
333 2675 473 2721 cecidissent.
520 2673 582 2720 Mox
603 2688 623 2721 e.
645 2674 705 2736 Agr.
726 2682 749 2721 et
781 2676 902 2735 mugnus
919 2677 987 2722 redet.
1028 2673 1127 2731 Mirum,
1143 2676 1170 2722 ni
1185 2677 1299 2725 Sallustio

237 2741 368 2800 Principis.
736 2779 743 2792 ,
781 2753 874 2801 quoque
889 2737 939 2786 hac
953 2753 998 2785 vox
1013 2737 1153 2786 mouenda
1167 2741 1231 2801 apud
1244 2735 1298 2788 ra.

269 2805 352 2850 Mente
362 2804 465 2864 iuriiin]
483 2804 500 2850 i.
518 2820 538 2851 e.
556 2803 616 2852 male
630 2817 694 2862 sana,
711 2803 749 2851 fu·
780 2801 846 2849 bium
857 2804 881 2856 9,
892 2803 917 2848 3.
955 2803 1021 2849 Unde
1036 2816 1107 2862 arque
1122 2816 1148 2848 eo
1158 2818 1300 2864 processum

235 2866 310 2923 riosa3
333 2882 376 2929 pro
398 2883 445 2930 quo
467 2870 536 2916 verbo
560 2868 667 2916 turbidus
689 2883 749 2930 saepe
780 2871 859 2921 estut
874 2867 1079 2926 nonpoenitarum,
1091 2880 1139 2925 pro
1154 2872 1298 2915 marture

235 2930 299 2993 apud
314 2939 393 2994 poetas
410 2930 501 2980 dicitur.
541 2933 571 2979 In
594 2930 649 2979 MS.
669 2931 748 2979 Guelf.
776 2930 958 2990 paritonium,-
975 2931 1105 2986 rivirum,
1122 2931 1299 2978 adridendum

234 3009 376 3106 ffggssggpiz
386 2995 449 3042 veria
467 2994 519 3104 ξεῖ.
540 3003 633 3104 glggatreitr
648 2996 748 3106 tormdtg:
762 2995 941 3103 ‘mgrrorlgudtegn
957 2999 1038 3071 auctor
1060 2991 1205 3103 (estelllgstius)
1227 2996 1297 3069 dire.

351 3073 413 3106 iem
429 3074 468 3105 ver
484 3071 523 3104 um
651 3073 714 3104 musi
780 3073 804 3102 rr
947 3071 1048 3103 mroree:
1131 3071 1167 3104 mc
1188 3073 1298 3106 sumasne

236 3122 288 3168 tiori
297 3122 414 3185 scriptura.
446 3125 549 3178 Baream
557 3121 667 3182 Equitem
677 3121 748 3168 Rom.
781 3128 894 3168 nostrum.
926 3119 999 3168 ers.
1030 3119 1089 3167 Hae
1104 3121 1233 3180 conjectura
1249 3121 1296 3168 Li·

235 3195 302 3233 vocat
317 3187 414 3234 Sueten.
431 3185 487 3232 Ner.
504 3185 545 3231 31.
578 3185 691 3232 Retrarit
706 3200 749 3247 pro
781 3183 898 3246 psiitugit
913 3183 1047 3231 novissimos
1063 3181 1203 3241 Quintiliani
1221 3184 1296 3233 edito-

235 3263 300 3298 more
310 3249 376 3296 istius
386 3247 508 3310 etatispro
518 3247 616 3310 simplici
627 3250 702 3295 irruit
713 3248 750 3294 di-'
780 3262 824 3294 res.
855 3247 901 3295 Est
914 3256 992 3295 autem
1008 3261 1082 3294 vanae
1101 3261 1156 3293 nam
1173 3245 1203 3295 de
1219 3250 1295 3298 verbis

236 3312 305 3371 citur,
320 3313 383 3375 quod
398 3312 455 3360 alius
469 3313 493 3358 in
507 3311 551 3358 hac
566 3310 744 3358 formadicitur.
781 3325 856 3358 serum
873 3320 915 3365 cet.
934 3325 980 3358 nou
1004 3310 1172 3367 substantium
1193 3320 1216 3358 et
1240 3327 1297 3376 per.

237 3375 268 3424 V.
279 3375 383 3425 cdSuet.
397 3377 456 3438 Aug.
469 3389 488 3422 c.
499 3375 538 3429 77.
570 3374 643 3421 Eerr.
781 3374 885 3437 ticipium
902 3374 935 3421 ibi
951 3389 999 3422 κω
1016 3374 1108 3434 debere,
1125 3373 1191 3422 docet
1208 3391 1295 3438 praee-

269 3442 428 3488 Proescniidue
442 3439 629 3485 concurserat
659 3440 749 3485 Latur-
779 3436 944 3486 dunelmum
953 3437 1054 3485 insolens
1060 3439 1213 3498 mutarunt.
1242 3439 1296 3487 Mi·

235 3507 285 3551 riui
301 3518 347 3550 uon
364 3511 398 3552 est
412 3503 436 3550 in
456 3502 529 3549 MSS.
546 3501 608 3548 Flor.
654 3501 694 3548 ud.
711 3503 748 3550 ed.
780 3515 825 3557 ror,
847 3515 894 3548 non
916 3501 994 3562 potius
1013 3501 1142 3560 conjecisse.
1167 3503 1293 3564 legendum

235 3585 749 3688 a...
780 3563 1293 3694 ..rr

235 3695 351 3750 dedisretr
378 3693 441 3757 quod
462 3701 563 3740 eetaunr
590 3699 625 3738 est
643 3691 668 3738 in
690 3692 746 3740 MS.
780 3705 847 3746 cena
869 3691 903 3739 ita
920 3692 1065 3739 Sirim.
1099 3692 1293 3757 Sedegoplane

235 3759 315 3806 Guelt'.
333 3757 385 3805 edd.
404 3756 477 3820 (Vm.
487 3755 522 3816 et)
538 3754 617 3802 ceteris
632 3756 747 3815 omnibus,
780 3769 822 3816 pro
835 3754 931 3803 insititio
943 3755 1024 3804 habeo.
1064 3753 1128 3802 Nam
1145 3765 1168 3804 et
1184 3772 1293 3819 superra-

235 3822 349 3886 usquead
360 3819 468 3868 Berneco.
499 3819 572 3866 Etru.
779 3832 850 3865 cunm
867 3829 909 3879 cst,
930 3828 953 3866 et
969 3819 1038 3882 longe
1053 3819 1189 3880 elegantius,
1205 3823 1291 3878 mirsia

279 3885 440 3959 Denwnrtret]
469 3882 507 3931 Sic
532 3881 616 3944 legitur
641 3881 710 3929 hodie
735 3896 749 3929 e
780 3884 822 3942 qui
840 3890 965 3930 noscerent.
1000 3883 1063 3931 Cum
1078 3897 1148 3930 nemo
1162 3884 1222 3931 elius
1236 3886 1291 3932 scri·

236 3951 365 4012 conjectrrra
380 3944 532 3996 transumit
541 3959 595 3992 cum
604 3945 629 3992 in
640 3945 748 3994 omnibus
779 3953 832 4018 ptor
847 3947 922 3995 bouus
943 3948 985 3993 hoc
1007 3948 1075 3994 verbo
1089 3961 1146 3994 usus
1167 3947 1205 4005 sit,
1224 3949 1293 3996 credo

236 4029 279 4063 ser.
296 4012 370 4076 (Bud.
387 4008 491 4085 quoque)
508 4017 532 4056 et
543 4008 595 4056 odd.
610 4009 640 4056 sit
655 4009 747 4054 demon·
779 4022 804 4054 m
815 4010 918 4071 margine
936 4011 1046 4073 seriptum
1062 4009 1140 4070 fuisse,
1158 4018 1181 4058 et
1198 4011 1249 4058 hinc
1265 4013 1291 4059 in

236 4085 297 4128 strat
304 4096 315 4135 ,·
331 4077 394 4140 quod
405 4075 512 4122 vinosum
523 4087 580 4131 esse,
591 4071 691 4119 dubitari
701 4086 747 4118 non
779 4080 869 4119 textum
893 4073 987 4121 venisse
1036 4073 1109 4130 Nam,
1138 4074 1180 4137 qui
1204 4083 1292 4123 veteru

235 4150 316 4207 potat.
354 4139 401 4189 Sed
419 4139 444 4186 in
462 4135 541 4184 ouelt.
557 4135 646 4210 syllaba
664 4134 747 4182 ultima
779 4133 866 4183 codices
884 4145 1019 4194 tractarunt,
1036 4150 1083 4184 non
1100 4136 1212 4199 ἰςηοηιιῑ,
1230 4154 1292 4201 sape

235 4215 351 4264 ament,
368 4213 391 4253 et
406 4203 431 4250 in
446 4202 516 4249 liuua
531 4208 642 4262 scriptum
656 4205 673 4257 t,
690 4199 746 4246 suit·
778 4198 996 4262 inmarm'nererba
1012 4200 1096 4263 scripta
1111 4216 1159 4248 esse
1173 4218 1189 4249 a
1201 4217 1291 4263 pomoe-

234 4286 288 4334 que,
315 4276 430 4333 quantum
456 4265 527 4313 oculis
552 4262 647 4327 adsequi
673 4262 746 4322 licuit,
778 4262 867 4309 scribut
891 4263 956 4310 codd.
983 4264 1069 4326 quibua
1094 4263 1240 4320 indicaretur,
1261 4266 1291 4314 de

234 4333 399 4382 demonstrarit
425 4329 462 4379 vel
486 4331 671 4376 dmummrcretr
703 4325 747 4374 hoc
778 4326 1057 4388 quaintexturgeretur.
1090 4327 1185 4375 Talium
1204 4342 1291 4390 magna

234 4413 314 4446 verum
324 4405 389 4459 puto.
410 4393 528 4457 Syllabam
540 4391 604 4439 illam
619 4390 746 4454 imperfecti
777 4389 843 4450 copia
858 4389 882 4437 in
894 4390 949 4437 MS.
961 4390 1041 4438 Guelf.
1051 4390 1140 4438 diversa
1152 4406 1224 4439 manu
1234 4392 1290 4438 ecri-

234 4475 295 4522 saepe
313 4460 337 4507 in
354 4457 426 4506 MSS.
449 4456 525 4503 Taciti
549 4454 666 4514 excidisse,
685 4468 745 4515 sepe
776 4461 877 4516 piorum.
909 4455 948 4503 Sic
961 4462 983 4502 et
995 4455 1020 4501 in
1037 4453 1072 4502 ed
1090 4469 1125 4517 pr.
1142 4464 1194 4518 post
1209 4470 1229 4503 c.
1249 4455 1289 4509 17.
