3042 4950
243 214 410 287 s.c.sa.].
594 169 672 271 nlss.
694 211 776 272 Χιν.
800 212 953 271 esaar.
1179 186 1187 203 ’
1241 214 1295 268 ιιι

240 388 298 453 est,
315 382 336 417 “
351 369 436 463 quod
456 376 556 439 multa
574 388 606 438 et
627 363 776 461 probiosa
793 374 826 438 in
842 350 951 439 Patres
969 385 1001 437 et
1016 372 1195 437 Sacerdotes
1213 394 1297 435 com-

238 460 401 558 posuisset,
429 460 467 523 iis
492 460 589 537 libris,
618 459 733 556 quibus
760 480 873 523 nomen
902 458 1111 554 codicillorum
1139 457 1295 521 dederat.”

238 545 419 631 Adjicrebat
441 544 552 608 Talitrs
580 544 744 623 Geminus,
769 555 936 620 accusator,
966 541 1165 606 “venditata
1192 543 1233 607 ab
1260 565 1298 606 eo

238 650 370 692 munera
392 628 496 693 Princi
518 628 556 710 is,
576 642 608 693 et
629 614 898 715 adipiscendorum
924 628 1080 691 honorum
1103 629 1196 713 pis?
1224 650 1297 712 quae

238 734 347 777 caussa
361 714 479 777 Neroni
492 652 556 777 iirit
573 714 652 778 susci
674 714 758 777 iendi
778 714 906 801 judicii:
930 710 1168 797 convictumque
1182 711 1298 777 Veien-

239 809 343 861 tonem
359 799 453 863 Itaiia
465 798 598 885 depulit,
612 814 645 863 et
652 736 753 863 iibros
766 799 855 863 exuri
865 798 968 884 jussit,
979 796 1167 881 conquisitos
1180 796 1297 861 lectita-

239 895 358 970 tosque,
374 884 473 948 donec
485 907 558 949 cum
571 884 710 970 periculo
723 885 930 970 parabantur:
946 906 1019 947 mox
1030 881 1152 947 licentia
1161 881 1297 946 habendi

239 967 425 1033 oblivionem
440 969 562 1034 adtulit.

160 1097 167 1104 -
246 1080 250 1085 ·
283 1054 344 1118 L-1·.
369 1054 430 1118 Sed
443 1054 697 1140 gravescentibus
707 1054 738 1116 in
753 1054 820 1119 dies
834 1050 967 1141 publicis
978 1053 1076 1132 malis,
1086 1049 1224 1117 subsidit.
1238 1052 1297 1115 mi·

205 1157 209 1164 '
239 1139 433 1205 nuebantur:
447 1139 658 1224 concessitque
672 1139 737 1201 vita
751 1141 884 1216 Burrus,
895 1140 1048 1202 incertum
1059 1138 1246 1214 valetudine,
1255 1160 1296 1202 an

239 1246 366 1287 veneno.
397 1222 557 1287 Valetudo
571 1246 610 1286 ex
623 1246 661 1286 eo
675 1220 919 1309 conjectabatur,
934 1222 1019 1307 quod
1035 1223 1067 1284 in
1082 1246 1114 1285 se
1128 1237 1299 1287 tumescen-

239 1306 324 1371 tibus
338 1306 500 1395 paullatim
510 1307 663 1382 faucibus,
672 1322 704 1372 et
716 1308 856 1394 inpedito
867 1321 982 1384 meatu,
995 1306 1137 1403 spiritum
1150 1308 1295 1371 finiebat:

239 1392 356 1478 plures,
376 1394 468 1479 jussu
486 1392 631 1471 Neronis,
673 1393 741 1457 uasi
759 1392 935 1457 remedium·
950 1392 1159 1469 adhiberetur,
1173 1391 1297 1455 inlitum

239 1477 378 1564 palatum
397 1479 467 1564 ejus
484 1479 578 1542 nomo
596 1501 628 1542 m
668 1478 809 1555 icaminc,
828 1478 1070 1542 adseverabant:
1094 1489 1125 1540 et
1144 1478 1295 1555 Burrum,

238 1562 394 1627 intellecto
414 1564 536 1641 scelere,
557 1563 638 1627 cum*
649 1559 875 1627 advisendum
894 1586 967 1625 eum
987 1562 1135 1648 Princeps
1153 1562 1296 1640 venisset,

239 1646 419 1735 adspectum
441 1650 510 1734 ejus
531 1662 717 1726 aversatum,
739 1648 904 1713 sciscitanti
925 1648 1074 1711 hactenns
1095 1646 1305 1740 respondisse,

239 1837 402 1903 etiamadpr„
415 1837 655 1902 Ms.(13ua)oue1r.
685 1839 752 1888 Ena.
785 1837 867 1889 Celsus
888 1839 912 1898 7,
934 1840 957 1884 2.
982 1838 999 1886 i.
1021 1852 1040 1885 e.
1067 1839 1125 1884 vitto
1147 1840 1211 1885 intra
1235 1844 1295 1884 osto.

240 1901 304 1949 Bud.
322 1905 429 1966 Vegento.
636 1934 641 1939 ·
783 1903 894 1951 Heinsius
915 1918 942 1950 ec
964 1916 1031 1950 sensu
1047 1901 1110 1965 apud
1133 1902 1243 1951 Senecam
1259 1917 1296 1963 ep.

243 1982 248 1989 ·
272 1966 369 2015 Nomen
381 1969 548 2017 Codteillonnn
561 1969 667 2032 dederat]
681 1969 752 2028 Noto,
782 1970 820 2016 95.
838 1966 899 2015 sumi
915 1970 988 2017 tabem
999 1966 1068 2013 tradit
1084 1968 1109 2013 tn
1128 1981 1151 2013 se
1167 1974 1298 2029 putrescen-

239 2030 312 2078 suase
329 2045 426 2087 moran,
445 2031 479 2079 nti
496 2032 521 2081 in
540 2032 682 2079 testamentis
699 2047 752 2080 cou-
784 2032 852 2078 tium.
1160 2030 1161 2035 ’

242 2094 299 2142 vicia
316 2095 423 2158 quadam
442 2104 465 2143 et
482 2097 567 2159 probra
583 2096 678 2143 liberius
697 2096 752 2143 scri·
815 2096 933 2157 Impedito
954 2100 1032 2142 meatu
1052 2094 1164 2155 spiritum
1183 2093 1295 2158 finiebat]

241 2158 335 2205 bereuts
344 2159 398 2222 quse
404 2166 457 2206 anta
464 2160 602 2222 Augustum
610 2159 753 2207 inobservata
783 2158 843 2207 Haec
853 2166 959 2221 corrupta
968 2174 1016 2206 esse
1032 2156 1107 2214 medo,
1117 2157 1298 2220 legendumque,

240 2229 263 2269 et
273 2221 399 2284 permissu
411 2222 504 2280 scilicet,
516 2224 571 2286 quia
581 2223 695 2285 supremis
705 2223 766 2270 illis·
784 2230 806 2271 st
820 2224 905 2284 tmped.
918 2230 995 2270 meatu
1011 2224 1118 2285 spiritns,
1126 2222 1237 2285 finiebat,
1250 2222 1298 2269 sive

241 2284 327 2334 tabulis
343 2294 367 2333 et
377 2287 435 2346 voci,
451 2286 528 2334 danda
540 2287 660 2334 videbatur
675 2287 754 2349 aliqua
785 2288 964 2349 enamfinierat.
999 2288 1105 2347 Spiritus
1116 2300 1192 2331 necare
1203 2284 1295 2343 dicitur,

241 2348 341 2397 libertas.
374 2351 478 2398 Frenum
492 2351 585 2411 injicere
598 2351 696 2399 Senams
712 2366 754 2399 vo-
786 2359 813 2398 ut
832 2366 845 2397 a
862 2385 869 2398 .
887 2350 995 2401 Curtium
1015 2352 1041 2408 3,
1060 2353 1084 2397 5.
1117 2351 1204 2396 Finire
1220 2357 1298 2397 autem

241 2412 332 2471 luent3
349 2413 390 2461 sed
399 2415 440 2463 ille
449 2415 512 2463 idem
523 2416 641 2479 Princeps,
653 2422 680 2461 ut
690 2416 754 2464 Suet.
786 2367 918 2490 simpiciter
936 2428 979 2478 pro
997 2414 1066 2472 mori,
1082 2422 1158 2461 noster
1174 2428 1228 2460 cum
1247 2413 1298 2460 aliis

241 2478 275 2526 ait
290 2493 309 2526 a.
326 2477 367 2526 56.
377 2481 410 2526 de
425 2480 547 2528 inhibenda
564 2485 755 2527 testamentorum
786 2479 846 2527 dixu
862 2481 886 2538 6,
905 2482 943 2527 50.
979 2479 1010 2528 Id
1030 2480 1137 2542 ignorans
1155 2478 1262 2525 librarius
1283 2493 1297 2526 e

241 2543 755 2605 licentiossSenatnsqnidqnamccrntttue.
785 2546 886 2604 spiritns
901 2543 954 2590 tecit
969 2545 1088 2604 spiritam.
1120 2540 1227 2601 Adiuvat
1243 2540 1299 2589 Ma

241 2606 753 2670 m‚tatercesett.1tamimgamanaleesio,
787 2607 902 2655 Gueltin
913 2621 960 2670 quc
973 2615 1007 2654 est
1017 2608 1112 2667 spirita.
1146 2604 1225 2652 litera
1235 2620 1247 2652 s
1257 2607 1299 2653 ab·
1334 2645 1335 2650 ,

241 2684 351 2734 germana
361 2685 428 2719 meas
438 2671 487 2732 ejus
496 2670 556 2718 loci:
573 2685 620 2718 non
631 2679 658 2716 ut
668 2672 704 2717 vir
713 2669 754 2718 do-
786 2671 871 2718 sorberi
881 2671 957 2734 potuit
966 2673 996 2718 ab
1006 2670 1089 2717 initiedi
1099 2669 1215 2731 sequentis
1227 2670 1298 2718 verbi.

242 2743 293 2782 ctus
306 2735 433 2794 substituit,
444 2742 629 2782 scommatum
645 2752 650 2762 ·
665 2735 757 2782 Exem-
787 2735 895 2798 Denique
907 2735 957 2782 haec
967 2735 1112 2796 conjecerunt
1127 2732 1232 2781 homines
1247 2743 1300 2797 post

241 2798 282 2862 pla
291 2798 317 2845 in
327 2797 410 2847 Tacito
425 2798 520 2862 pambo,
532 2796 561 2846 de
571 2799 608 2857 iis,
635 2798 661 2845 ui
675 2814 756 2861 supre-
787 2807 884 2847 mortem
895 2798 974 2846 Burri.
999 2800 1082 2860 Itaque
1092 2797 1298 2857 meliusfinterats

241 2862 383 2910 &subulis
394 2863 470 2911 molta
479 2862 598 2910 succisio
640 2878 755 2919 mannam,
787 2863 849 2926 quod
875 2871 898 2910 et
919 2863 1037 2924 sequentia
1058 2861 1191 2908 desiderant.
1226 2861 1299 2908 Earn
1377 2881 1379 2884 ·
1428 2921 1431 2928 1

240 2924 409 2986 iu'l'ibssiom,
449 2926 455 2938 “
498 2941 528 2974 ue
543 2935 648 2990 potentes
662 2943 757 2992 compo-
787 2929 903 2976 Animam
920 2929 995 2987 finire
1016 2925 1087 2974 Ovid.
1108 2923 1169 2972 dixit
1192 2924 1298 2983 Metti,

241 2989 336 3038 merim.
352 2991 499 3053 Hoseacmp
530 2991 757 3054 ergomalediceutia
787 2992 843 3040 591.

242 3069 291 3102 snoe
306 3054 506 3113 oermsVeicntn,
517 3054 631 3117 inscripsit
643 3056 721 3122 opicus
733 3064 757 3104 et
819 3058 915 3104 Ianum
932 3057 1041 3117 palatum
1063 3055 1124 3120 ςριιε]
1146 3057 1209 3119 EJ'us
1229 3055 1299 3102 habet

241 3117 587 3168 Oscoseosh'brosCodiciiloa.
618 3120 695 3168 hira.
751 3170 755 3175 ,
788 3119 860 3168 Mss.
878 3119 940 3167 Flor.
960 3120 1038 3168 Guelf.
1058 3128 1081 3167 et
1102 3119 1153 3166 edd.
1170 3126 1226 3166 vett
1246 3127 1300 3167 anta

278 3183 362 3231 Tatius
379 3185 446 3232 Gem-
482 3181 591 3230 Muretus
609 3184 701 3233 volebat
725 3187 755 3232 Τ.
788 3184 865 3232 Rhen.
885 3184 926 3247 qui
945 3191 1036 3231 sudore
1053 3183 1107 3231 Ms
1128 3183 1191 3230 Bud.
1208 3183 1299 3236 delevit,

242 3247 332 3304 Allius,
351 3245 422 3310 idque
442 3244 499 3296 oim
521 3249 632 3310 probabat
651 3249 755 3312 lipsius,
788 3255 816 3297 ut
830 3263 886 3296 mox
902 3261 962 3294 enm.
997 3247 1299 3310 Tacitus,etsibrevitatem

242 3311 319 3372 rejecit
334 3313 419 3373 postea·
452 3310 505 3361 Nec
518 3311 673 3374 spemeudum
689 3320 757 3376 putat
788 3312 844 3360 alias
860 3311 975 3370 affectam,
992 3311 1090 3359 libenter
1104 3311 1148 3358 hoc
1165 3310 1301 3374 pronomine

242 3375 356 3439 Ryckius,
372 3375 489 3438 profereus
505 3391 534 3423 ex
550 3375 617 3423 inser.
634 3385 709 3425 vetere
727 3377 757 3432 Q.
788 3377 838 3424 sinc
847 3376 979 3423 necessitate
989 3377 1070 3433 utitur,
1082 3384 1109 3423 ut
1119 3390 1189 3437 supra
1197 3376 1246 3436 jam
1257 3389 1300 3421 no·

241 3442 336 3490 Attinas
346 3441 418 3486 Mar.
432 3441 562 3488 Consulem·
599 3443 668 3488 Talia
677 3455 757 3489 ocurr-
788 3441 895 3488 tammus.
918 3439 979 3486 Item
991 3439 1104 3486 iufrahoc
1114 3439 1299 3502 capitexneterem

240 3505 273 3552 rit
286 3519 324 3567 ap.
336 3502 451 3550 Mutatur.
465 3519 490 3568 p.
504 3503 684 3563 lcnl‚a.n10x
697 3505 752 3552 ms
788 3507 844 3567 imp.
857 3504 1161 3566 atqnetnfitneosecntns.
1187 3502 1300 3552 ciceroet
1383 3555 1386 3562 ,

240 3567 304 3617 Bud.
320 3575 344 3614 et
355 3567 434 3614 ouen
452 3583 467 3615 a
481 3583 554 3616 manu
570 3583 614 3616 sec.
625 3569 754 3629 mirata,
786 3568 869 3616 Livius
880 3572 929 3616 sine
939 3569 965 3614 in
975 3582 1001 3614 so
1011 3566 1133 3614 dixissem:
1146 3583 1166 3614 c.
1177 3569 1217 3614 aa.
1229 3568 1300 3614 talem

242 3632 310 3680 male.
324 3630 394 3678 Post
402 3631 465 3678 idem
477 3631 658 3679 Guelilindictt.
682 3633 754 3680 Elin.
785 3648 840 3680 enm
867 3634 972 3679 centrario
998 3633 1147 3686 emadavtn
1175 3630 1301 3678 sufficiebat

278 3696 416 3743 Valetudine
429 3710 462 3741 as
473 3695 571 3772 veneno]
588 3696 714 3744 Sithen.
725 3712 754 3745 ax
786 3699 872 3744 satem.-
890 3711 909 3744 ι.
927 3697 1078 3742 baccanum
1091 3710 1143 3742 enm
1163 3696 1243 3743 Coesar
1258 3695 1300 3742 ad·

241 3758 284 3810 σοι’
385 3767 413 3805 ut
433 3758 474 3818 sit,
496 3760 567 3822 Rugii
588 3760 672 3808 codicis
695 3761 711 3809 i.
734 3775 754 3808 e.
787 3767 871 3808 mosset.
900 3758 1117 3806 Ciceronietlivio
1127 3758 1251 3806 suffecisset
1261 3773 1300 3806 ac·

241 3825 283 3874 nu
300 3857 306 3871 .
322 3822 386 3886 quod
401 3837 466 3870 secus
482 3831 525 3881 est,
535 3839 591 3871 nam
605 3823 626 3872 is
639 3823 698 3872 clare
713 3825 755 3872 hs.-
787 3827 861 3872 citum
880 3825 960 3872 Coesar
979 3824 1094 3880 admonet,
1116 3837 1260 3885 quamquam
1277 3831 1300 3870 et

242 3891 282 3937 bet
297 3887 428 3936 valitudine
444 3893 486 3935 ant
505 3901 599 3947 neman,
618 3896 646 3936 ut
664 3888 756 3950 Putaui.
789 3888 870 3936 livius
880 3887 996 3936 interdurn
1012 3887 1061 3934 sine
1070 3887 1202 3934 necessitate
1217 3901 1300 3948 prono-

164 3952 168 3957 ”
244 3950 343 4001 Beroaid
788 3966 843 4000 men
859 3951 930 4000 addit.
963 3950 995 3998 V.
1012 3959 1060 3999 not.
1077 3949 1107 3997 ad
1120 3951 1183 3999 Suet.
1200 3948 1259 3998 Cas.
1277 3952 1301 4006 7.

276 3986 385 4094 φιλ.
402 4030 427 4062 a
442 4019 630 4096 amassenus]
649 4017 758 4065 Murem
786 4015 861 4064 aaa.
988 4082 993 4094 ⁸
1208 4081 1214 4092 Ι
1242 4081 1248 4092 .

244 4079 758 4194 Wffii‘ffiiffffiiffi
784 4081 1302 4206 ,instantissimae

245 4223 294 4257 esse
303 4223 331 4255 ac
342 4221 387 4268 per
401 4222 425 4254 se
436 4217 542 4259 autumat
553 4209 638 4258 Hiller.
648 4209 706 4258 Rae.
717 4209 757 4257 39.
790 4210 871 4273 nmen]
883 4207 993 4256 Heinsius
1002 4205 1173 4270 sicdistinguits
1183 4207 1302 4254 retentan-

247 4273 285 4321 stc
302 4285 347 4334 per
363 4285 386 4332 sc
402 4272 509 4334 quasdam
528 4275 680 4331 intumescere
695 4272 760 4320 docet
793 4275 865 4333 tique,
888 4273 1006 4332 hactenns,
1029 4272 1179 4332 respondisse,
1200 4285 1243 4331 ago
1267 4285 1303 4317 ma

291 4356 365 4398 vol..
376 4353 413 4398 11.
1109 4356 1130 4398 R
