3042 4950
224 272 370 380 iuss]
399 269 401 279 ⁴
582 306 663 366 us.
682 308 918 371 incurri.
963 274 966 280 ’
1225 312 1282 368 scs

268 468 430 533 LXXIV.
447 470 535 531 Tum
549 474 572 507 “
582 468 664 532 dona
674 482 706 533 et
715 482 818 555 grates
828 470 928 535 Deis”
941 470 1160 547 decernuntur,
1176 476 1282 558 “pro·
1299 481 1303 487 “

246 553 373 637 riusque
387 554 484 615 honos
500 552 575 631 Soli,
592 554 658 635 (cui
673 570 718 637 est
730 568 820 618 vetus
833 555 916 618 aedes
929 554 1014 640 apud
1028 555 1156 632 circum,
1170 554 1202 618 in
1217 578 1281 642 quo
1293 571 1298 577 “

223 576 343 699 licinus
364 637 547 722 parabatur)
563 638 618 723 qui
632 638 753 703 occulta
765 638 986 725 conjurationis
999 639 1141 702 Numine
1154 640 1282 703 retexis·

224 734 286 783 set:
310 732 410 806 utque
422 721 612 786 Circensium
625 724 798 787 Cerealium
809 722 964 788 ludicrum
975 722 1118 810 pluribus
1128 746 1281 809 equorum

224 804 365 869 cursibus
397 805 619 871 celebraretur:
653 809 764 873 men'si
789 831 829 871 ue
857 808 976 894 Aprilis
1003 810 1143 871 Neronis
1168 817 1282 895 coguo-

223 903 362 954 mentum
375 890 542 977 acciperet:
566 892 717 977 templum
738 896 760 957 S
792 893 838 956 uti
858 906 1070 956 exstrueretur
1091 902 1128 955 eo
1149 890 1218 966 loci,
1240 916 1281 956 ex

224 997 289 1059 quo
301 976 449 1040 Scevinus
462 976 579 1039 ferrum
590 979 811 1062 prompserat.”
853 979 927 1063 Ipse
936 1000 1007 1042 eum
1018 976 1185 1074 pugionem
1193 974 1281 1063 apud

224 1059 404 1145 capitolium
415 1063 554 1139 sacravit,
567 1060 783 1147 inscripsitque
794 1061 897 1125 “Jovi
906 1061 1060 1125 Vindicr.”
1094 1060 1134 1124 ln
1144 1071 1280 1147 praesens

223 1142 310 1206 haud
323 1144 587 1209 animadversum:
607 1162 678 1230 post
692 1168 778 1209 arma
791 1148 815 1208 J
818 1146 872 1210 ulii
885 1146 1038 1222 Vindicis,
1053 1145 1093 1208 ad
1107 1146 1279 1231 auspicium

224 1240 255 1291 et
273 1228 460 1313 praesaff'um
476 1229 592 1292 futurae
613 1229 737 1293 ultionis
756 1230 945 1294 trahebatur.
990 1229 1127 1315 Reperio
1144 1230 1178 1292 in
1196 1252 1280 1293 com·

224 1312 381 1374 mentatiis
396 1315 538 1390 Senatus
554 1312 707 1377 Cerialem
721 1313 882 1389 Anicium,
894 1313 1061 1377 Consulem
1071 1312 1278 1398 designatum,

152 1420 154 1425 ·
223 1419 282 1481 pro
294 1396 447 1470 sententia
460 1396 585 1476 dixisse,
612 1404 678 1461 “ut
698 1397 848 1484 templum
864 1399 907 1461 D.
923 1397 1040 1461 Neroni
1054 1420 1149 1483 quam
1164 1411 1279 1462 matur·

225 1480 301 1543 rime
322 1479 455 1566 publica‘
468 1482 599 1567 pecunia
640 1483 813 1547 oneretur.”
857 1482 950 1561 Quod
963 1482 1090 1568 quidem
1110 1481 1162 1545 ille
1176 1482 1279 1545 decer-

224 1566 325 1643 nebat,
347 1577 506 1651 tamquam
525 1505 654 1630 mormie
675 1566 830 1653 fastigium
854 1589 987 1652 egresso,
1001 1580 1033 1631 et
1053 1566 1278 1630 venerationem

225 1772 292 1827 ptum
308 1764 387 1812 fuisset
405 1778 450 1812 neu
466 1766 589 1827 composito
605 1779 631 1811 re
645 1770 668 1813 ct
682 1765 738 1813 oili·
798 1765 872 1827 Apud
887 1766 1022 1826 capitolium
1037 1763 1148 1824 mauu]
1167 1764 1225 1811 Ritu
1240 1779 1279 1810 ve·

224 1835 308 1887 teratu,
328 1830 527 1876 mansuetudinem
542 1844 568 1889 p.
585 1844 609 1875 n.
626 1844 647 1875 u.
664 1844 684 1875 s.
701 1844 738 1875 rc·
766 1829 809 1875 teri
827 1836 850 1875 et
866 1837 962 1891 recepto.
995 1828 1126 1875 SuetCal.
1144 1831 1184 1874 ⁶24.
1220 1830 1279 1885 Zres

195 1946 198 1953 Ι
224 1893 344 1939 traiceret:
369 1892 424 1939 inde
445 1894 593 1954 conpositum
618 1899 640 1939 et
658 1893 738 1939 oblite·
762 1893 856 1952 gladios
882 1895 908 1939 in
930 1907 1008 1938 necem
1034 1906 1101 1939 mum
1124 1898 1277 1953 proprus-atos,

224 1962 301 2004 rutum
311 1955 380 2012 facta,
389 1964 416 2003 ut
426 1956 660 2003 adnunsuctudtnem
668 1956 737 2003 refer-
767 1957 849 2003 Marti
865 1958 945 2012 ultori,
965 1957 1044 2002 addito
1059 1957 1143 2013 elogio,
1161 1968 1277 2007 musceto,

223 2027 311 2067 rentm.
348 2019 422 2067 Enu-
462 2020 517 2082 Bip.
531 2022 737 2081 neucomposs'tum
767 2020 809 2065 vit.
843 2020 910 2066 Idem
921 2019 1017 2066 Vitellio
1027 2019 1064 2065 10.
1080 2019 1223 2079 pugionem,
1235 2034 1279 2078 quo

224 2082 737 2145 i.e.pscitsmuutobliterotomi.eultione
765 2097 789 2128 re
809 2083 871 2130 Otho
893 2084 1014 2139 mciderut,
1037 2084 1062 2128 in
1086 2077 1279 2143 Agrippinensem

224 2146 347 2195 criminum
357 2148 577 2194 obscuratamadn.
593 2162 612 2193 s.
628 2163 650 2193 r.
691 2146 737 2194 Sed
766 2148 879 2193 wunsam
903 2147 980 2203 misit,
1008 2146 1090 2193 Marti
1119 2146 1278 2191 dedicmrdum.

225 2208 299 2271 Lipsii
316 2210 423 2259 correctio
439 2212 526 2273 absque
548 2210 619 2257 dubio
640 2209 736 2273 optima,
766 2208 814 2257 Dio
831 2210 857 2257 io
875 2209 997 2256 Antonino
1015 2208 1153 2255 Camenae
1176 2208 1217 2265 77,
1237 2209 1276 2260 23,

223 2272 363 2335 planissime.
411 2273 440 2319 In
459 2273 525 2320 codd.
546 2260 682 2336 frequenter'
696 2288 737 2335 per
768 2273 808 2319 Kal
820 2274 845 2319 τὸ
856 2274 927 2334 ξίφος,
939 2273 967 2317 δι’
976 2270 998 2317 ul
1005 2274 1042 2317 rh
1053 2272 1143 2332 ἀδιλφὸν
1156 2272 1278 2328 ἀπεκτόνει,

224 2351 322 2384 errorem
333 2336 439 2389 ablativis
454 2336 478 2383 in
495 2337 540 2384 fine
550 2336 635 2383 lineole
644 2352 736 2385 occuss-
767 2335 872 2382 ἀναθεῖναι
884 2340 919 2391 τῷ
931 2338 982 2392 θεῷ
992 2338 1108 2388 ἐτόλμησε.
1128 2334 1278 2395 Sedetapud

224 2400 265 2448 tivi
283 2400 352 2449 index
371 2400 487 2461 imposita,
504 2400 567 2463 quod
587 2400 682 2447 omnino
699 2400 737 2448 hic
767 2397 859 2446 Grecos
883 2398 1005 2461 Olympias
1023 2399 1139 2459 gladium,
1160 2401 1213 2459 qud
1224 2400 1278 2445 Rcu

224 2464 247 2510 iu
268 2463 333 2514 Bud.
352 2464 447 2525 fuctum,
470 2474 493 2512 et
511 2463 582 2513 dubio
611 2464 691 2528 promi
712 2464 737 2512 in
765 2460 1278 2526 (Philippus)pcrcussurcrot,Apollinisub

224 2527 283 2574 aliis.
326 2536 328 2545 '
766 2529 859 2574 succine
877 2527 997 2587 Myrtaus
1017 2529 1167 2586 consecravit,
1183 2526 1216 2572 sit
1231 2527 1278 2572 Ju-

255 2595 357 2640 Dcerctu
373 2593 432 2638 dorsu
449 2599 471 2640 et
485 2599 568 2654 gruter
585 2590 641 2638 Deir
660 2593 737 2640 decer-
766 2591 841 2637 stiuus
855 2592 880 2650 9,
897 2592 921 2645 7.
954 2588 1053 2636 Tertull.
1071 2588 1166 2650 pulchre
1182 2589 1211 2636 de
1229 2589 1279 2636 Re-

223 2657 326 2720 nuutur]
347 2655 372 2702 el
389 2657 545 2703 &canuntur
566 2655 687 2714 redundat,
710 2664 737 2703 ut
765 2669 824 2701 surr.
850 2654 941 2701 ocrniss
970 2653 1071 2701 Gladim
1093 2655 1146 2700 benc
1169 2655 1197 2699 de
1223 2653 1278 2699 bello

222 2720 310 2782 opinor.
352 2719 424 2766 lure.
464 2719 558 2766 Dubius
579 2733 632 2764 sum
649 2727 736 2778 tamen,
765 2723 883 2776 cruentus,
899 2724 922 2764 ct
941 2717 1023 2763 mersor
1040 2717 1165 2776 homicida,
1187 2717 1278 2762 laudm

224 2792 302 2830 utrum
314 2784 440 2830 deornm
451 2784 606 2830 dccemuutur
616 2781 735 2830 eboleemz
765 2795 833 2826 suam
843 2782 1010 2827 consecatione
1015 2782 1131 2841 pensabit.
1163 2779 1239 2828 ers.

223 2847 377 2910 nequeenim
392 2846 471 2892 minus
485 2845 553 2901 belle,
573 2847 737 2894 Tumaonaet
808 2846 841 2890 In
865 2859 970 2904 proesem
990 2845 1054 2890 raud
1076 2843 1278 2908 animaverunt]

221 2918 303 2971 grues
315 2913 374 2958 Deis
385 2911 548 2956 decernuntur.
581 2908 736 2957 (litum-lec.
767 2907 868 2954 Sensus:
887 2909 951 2954 Tum
967 2907 1061 2969 quidem
1079 2908 1235 2969 (παραχρῆμα,
1251 2917 1280 2954 ut

224 2974 356 3020 Gronosius
375 2973 440 3020 aliter
456 2986 587 3020 succurrere
603 2971 684 3030 voluit,
703 2972 738 3019 le·
767 2967 907 3033 Xenophon,
921 2971 1019 3033 aliique)
1033 2985 1102 3017 nemo
1117 2970 1221 3016 animum
1238 2970 1278 3017 ed.

224 3037 326 3098 geudmn
334 3051 434 3095 censens,
444 3043 495 3083 tum
504 3035 735 3083 ceterudormemele.
766 3034 841 3087 vertit,
866 3043 894 3081 et·
918 3033 1056 3097 presagium
1080 3033 1174 3095 aliquod
1202 3033 1226 3079 in
1251 3050 1279 3081 ee

225 3101 289 3148 Nem
306 3115 360 3163 quie
375 3115 445 3162 supra
460 3115 479 3146 c.
502 3099 541 3153 71.
564 3098 671 3159 Milicho,
691 3099 737 3146 Pe-
766 3112 791 3144 re
812 3099 906 3145 notavit.
938 3097 1058 3144 Acidalius
1079 3096 1177 3144 eddebut
1198 3098 1277 3156 qiud,-

224 3164 306 3223 tronio,
319 3163 451 3222 eliisdetu,
467 3163 612 3210 donavooari
627 3174 738 3224 nonpos-
766 3160 870 3208 Freinsh.
882 3160 965 3208 melius
975 3161 1015 3206 id:
1033 3160 1190 3207 sedneutrum
1202 3175 1279 3209 umes-

224 3235 286 3275 sunt.
331 3226 497 3300 Intelliguntur
517 3226 577 3272 dona
598 3225 652 3273 Diis
673 3225 736 3284 dam,
765 3224 851 3271 sarium
868 3232 932 3286 puto.
973 3223 1103 3289 Vulgsmm
1123 3223 1200 3271 Taciti
1219 3224 1278 3272 mori

225 3289 737 3354 quaecumsupphcatione(nsmdeeeeapien-
765 3289 849 3350 aptius.
889 3289 960 3335 Eun.
1307 3346 1312 3352 ἲ

225 3355 261 3402 dae
270 3353 363 3416 potes)
373 3355 504 3416 junguntur
514 3360 538 3400 et
548 3368 585 3415 ep.
596 3352 649 3400 Liv.
661 3353 701 3409 36,
713 3353 736 3398 2.
798 3353 857 3399 Post
867 3367 933 3398 orma
944 3352 1006 3426 erii
1022 3351 1101 3414 vinu]
1118 3351 1183 3399 Suet.
1191 3354 1230 3400 40.

225 3421 295 3466 Dona
305 3415 737 3478 etgruteleissunt,quaeibidioun-
811 3417 984 3463 reserationem
1010 3416 1145 3478 hominum]
1169 3415 1279 3462 Muretus

224 3481 737 3594 {lmpphilt‘tilttittlh'di
766 3478 1095 3590 tultiltitittltt
1124 3479 1280 3589 Nllitti

225 3610 359 3655 induerem
375 3608 447 3656 latere
467 3607 531 3654 aliud
552 3609 656 3664 verbum,
675 3575 738 3668 quod
766 3606 870 3668 plecebet
886 3605 955 3652 etium
971 3604 1164 3653 Sehurzfleischio.
1199 3605 1280 3668 Oppo-

225 3672 330 3720 nondum
351 3671 410 3718 mihi
434 3671 551 3719 succurrit.
602 3669 737 3732 Lipsisnum
768 3669 856 3716 sitionis
870 3669 910 3716 lex
926 3669 972 3716 tale
986 3669 1042 3731 quid
1058 3668 1176 3716 desideret
1209 3670 1281 3715 Mor.

225 3737 336 3784 rationem
355 3734 475 3782 defendere
493 3734 547 3780 licet
565 3748 578 3780 e
597 3734 635 3792 16,
658 3733 679 3780 l.
698 3733 739 3780 ubi
769 3735 812 3780 toli
827 3733 930 3795 fastigio
948 3731 1071 3795 opponitur
1086 3733 1204 3778 veneratio
1225 3734 1280 3779 Nu·

226 3809 310 3847 temere
326 3798 431 3846 additum
447 3799 559 3846 latuerint
574 3805 626 3858 post
642 3797 737 3843 moulto.
769 3799 878 3843 minum.-
906 3797 979 3844 MSS.
1001 3803 1024 3842 et
1044 3794 1096 3842 edd.
1117 3803 1172 3842 vett.
1192 3795 1282 3842 addunt

226 3865 298 3911 Eun.
342 3863 439 3910 Juretus
459 3861 550 3909 volebet
572 3861 652 3907 dromo
673 3862 740 3907 dume
770 3864 827 3907 item
860 3867 914 3906 ente
939 3860 1068 3916 hominum,
1100 3857 1164 3920 quod
1191 3859 1272 3905 sustuli

227 3927 312 3974 Hiller.
330 3927 388 3974 Rsc.
409 3925 445 3972 18.
463 3926 570 3972 discreta.
611 3923 680 3970 Tollo
702 3923 740 3970 dc·
770 3924 904 3970 Rhenanus.
934 3921 1054 3969 Broterius
1070 3937 1084 3969 e
1100 3920 1155 3969 MS.
1179 3869 1284 3984 Remi

227 3997 298 4040 creta.
769 4001 838 4034 sensu
861 3984 926 4032 dedit
950 4001 1001 4032 ven.
1027 3988 1119 4039 Deum,
1137 4000 1184 4032 nou
1212 3986 1283 4033 mele.

258 4055 331 4101 AEdes
347 4048 411 4115 apud
433 4053 535 4114 circum]
562 4049 664 4114 Deque
681 4049 740 4097 Ter·
771 4049 843 4097 Eun.
874 4047 939 4096 Illud
956 4050 1013 4095 bem
1022 4059 1098 4095 ortum
1111 4057 1159 4095 eret
1174 4064 1187 4096 e
1203 4048 1285 4097 vitiose

222 4117 281 4166 tull.
301 4118 330 4166 de
351 4115 493 4180 Spectaculis
514 4117 538 4163 t.
570 4111 645 4160 ers.
685 4113 742 4160 Post
772 4112 892 4175 scripture,
905 4127 977 4175 quem
988 4112 1052 4159 Bud.
1069 4121 1151 4169 euvei,
1168 4115 1286 4160 veneratio

229 4184 314 4228 eurisis
326 4194 412 4241 quoquc
424 4179 456 4226 A.
468 4177 540 4226 MSS.
553 4179 613 4240 Reg.
625 4177 693 4224 Corh
705 4175 742 4224 ed.
772 4178 829 4224 item
839 4177 900 4222 horn
912 4189 955 4238 pro
965 4177 1134 4222 sacrationem
1144 4177 1206 4221 horn.
1229 4176 1251 4222 N
1255 4191 1285 4223 on

228 4259 263 4306 pr.
281 4243 345 4306 quod
361 4243 444 4304 recepit
460 4242 586 4290 Broterius.
619 4239 691 4288 Eun·
718 4247 742 4286 et
773 4239 848 4298 video,
866 4239 982 4301 quomodo
997 4238 1073 4286 Rhen.
1092 4253 1188 4286 asserere
1205 4247 1287 4300 potue·

229 4308 284 4370 Bip
307 4307 369 4356 Bud.
395 4308 528 4367 mensisque.
562 4305 650 4353 Parum
673 4303 743 4352 inter·
773 4302 812 4361 rit,
823 4305 879 4351 item
889 4317 936 4349 non
950 4317 999 4350 esse
1013 4302 1039 4348 io
1052 4302 1112 4348 libro
1122 4302 1286 4364 manuscripto.

229 4383 270 4418 ost.
674 4387 691 4410 ·.
775 4365 829 4430 Ipse
859 4365 923 4413 dedit
956 4366 1134 4425 venerationem,
1162 4365 1288 4413 emendans
