3042 4950
225 255 376 328 sess]
585 249 660 310 ns.
681 248 753 306 xn.
775 250 868 328 can
886 254 934 310 as.
1055 217 1058 224 ’
1253 247 1289 310 77

224 414 408 478 auctoritate
422 410 581 508 Pallantis,
596 411 777 488 festinatum
792 411 848 497 qui
861 411 1028 476 obstrictus
1037 411 1236 509 Agrippinae,
1251 422 1288 473 ut

225 499 401 562 conciliator
411 506 601 582 nuptiarum,
612 511 644 560 et
654 519 727 560 mox
739 507 849 581 stupro
860 497 930 582 ejus
942 495 1100 583 inligatus,
1112 495 1290 561 stimulabat

228 582 408 660 Claudium,
440 589 462 620 ‘⁶
484 579 657 646 consuleret
679 579 892 730 Reipublicae:
926 581 1097 646 Britannici
1125 581 1292 666 pueritiam

226 668 336 732 robore
350 665 567 731 circumdaret.
604 666 654 731 Sic
667 689 731 754 apn
769 668 811 729 D.
824 668 1019 753 Augustum,
1034 688 1225 751 quamquam
1239 689 1293 728 ne-

148 827 151 834 ,
225 752 352 838 potibus
376 751 556 831 subnixum,
570 752 706 838 viguisse
727 751 904 838 privignos:
925 775 946 815 a
964 749 1093 817 Tiberio
1115 773 1207 837 super
1221 773 1293 835 pro-

227 836 327 922 priam
350 837 478 924 stirpem
494 836 716 903 Germanicum
736 836 949 923 adsumptum.
994 837 1036 900 Se
1050 858 1177 922 quoque
1191 835 1293 899 accin-

250 935 316 986 eret
338 923 466 1009 juvene,
495 937 615 1008 partem
644 942 789 985 curarum
817 922 1032 1018 capessituro.”
1076 921 1139 984 His
1163 919 1292 997 evictus,
1344 974 1346 977 .

227 943 353 1074 iiennio
366 1008 515 1094 majorem
537 1019 614 1071 netu
628 1005 803 1070 Domitium
824 1005 889 1070 fiho
902 1006 1073 1093 anteponit,
1087 1005 1195 1070 habita
1208 1003 1295 1092 apud

229 1093 384 1158 Senatum
398 1092 536 1156 oratione
549 1091 582 1154 in
597 1091 740 1168 eundem,
780 1113 851 1155 uem
871 1114 891 1154 a
911 1091 1022 1156 liberto
1035 1103 1206 1176 acceperam
1228 1113 1295 1154 mo-

230 1176 318 1242 dum.
362 1176 566 1242 Adnotabant
585 1176 688 1262 periti,
708 1114 826 1240 nullam
848 1177 978 1240 antehac
997 1175 1193 1262 adoptionem
1215 1175 1296 1238 inter

229 1262 374 1410 patricios
394 1259 542 1325 Claudios
564 1260 702 1347 reperiri,
724 1282 839 1347 eosque
853 1261 893 1324 ab
908 1262 989 1324 Atto
1004 1259 1120 1325 Clauso
1134 1260 1296 1324 continuos

254 1369 398 1410 oravisse.
904 1392 911 1400 -

283 1431 413 1496 XXVI.
438 1430 586 1496 Ceterum
606 1444 683 1496 actae
698 1431 837 1519 Principi
858 1446 971 1520 grates,
987 1429 1162 1518 quaesitiore
1183 1428 1216 1491 in
1230 1430 1298 1492 Do·

231 1516 354 1585 mitium
373 1514 566 1580 adulatione:
590 1529 762 1603 rogataque
781 1516 843 1597 lex,
867 1541 931 1604 qua
955 1526 975 1556 “
990 1518 1023 1580 in
1038 1515 1185 1581 familiam
1202 1513 1297 1578 Clau-

229 1693 405 1752 lector‚ettolle
414 1693 500 1742 librarii
508 1708 605 1742 errorem
618 1695 675 1764 (non
685 1693 747 1741 enim
814 1690 1192 1756 Nullnmantrbacadoptionem]
1221 1690 1298 1754 Atqui

232 1757 305 1819 Ipsius
316 1757 427 1817 Suetonii,
437 1757 505 1820 puto)
515 1758 676 1812 Neronisci.
697 1760 747 1824 uu.
782 1756 892 1806 Tiberius
918 1759 1083 1806 Germanicum
1110 1756 1235 1819 adoptavit,
1262 1754 1299 1802 uti

232 1823 320 1868 numo
330 1824 406 1868 aetatn
418 1823 616 1871 unnuaClaudio
626 1823 748 1884 adoptatus
781 1832 871 1870 notum
903 1823 1057 1870 Excusabunt
1076 1821 1100 1868 id
1121 1819 1213 1879 conosi,
1235 1819 1298 1884 quod

232 1886 415 1946 erariauoeoqne
423 1887 749 1949 SenecoejamtuucScnntcri
783 1886 891 1934 Tiberius
910 1888 959 1947 jam
981 1902 995 1934 e
1016 1886 1121 1934 Claudiis
1144 1884 1254 1947 migrarat
1273 1883 1299 1930 ia

232 1951 259 1996 its
267 1950 419 2010 disciplinam
427 1951 537 1998 traditus.
554 1950 688 2012 Adoptatus
699 1951 749 1998 Ne-
783 1959 876 2013 gentem
886 1951 986 1998 amam.
1012 1951 1088 1998 Iura.

234 2027 260 2060 ro
279 2012 318 2060 XI
336 2012 408 2076 rende
429 2017 509 2062 auno?
542 2013 648 2070 Falsum,
670 2013 706 2060 vel
727 2021 749 2060 te
817 2013 877 2062 Aua
890 2015 987 2078 Clauso]
1011 2013 1301 2075 Sanitisumusspectstsa

232 2075 311 2136 judice
325 2084 348 2124 et
366 2075 448 2136 indice,
467 2077 571 2125 Suetoui.
604 2077 668 2124 Nam
687 2076 750 2123 idem
784 2077 838 2125 fidei
853 2078 954 2126 codicem
973 2078 1029 2125 Vat
1045 2078 1087 2140 qui
1108 2075 1210 2122 disertim
1229 2075 1300 2122 habet

234 2139 313 2188 scribis
327 2139 407 2188 XVII
422 2154 484 2188 anno
498 2140 529 2186 ad
544 2141 674 2202 Imperium
695 2155 749 2187 eum
784 2142 844 2189 Ano
852 2142 939 2189 Ulmo.-
951 2139 1300 2203 superinstamenalienamanu

234 2203 372 2266 pervenisse,
389 2203 452 2266 quod
467 2212 490 2251 et
501 2203 595 2251 Tacitus
608 2213 631 2251 et
646 2203 693 2252 Dio
708 2203 750 2251 ad·
786 2204 897 2262 laddito,
908 2212 936 2252 ut
946 2205 1009 2252 fieret
1019 2204 1096 2251 Anto.
1122 2203 1158 2250 Ut
1167 2203 1244 2261 mirer,
1252 2202 1301 2255 Iu,

235 2276 334 2316 struunt.
358 2267 435 2329 Atqui
444 2268 474 2315 ab
485 2268 528 2316 hoc
538 2268 576 2316 dle
586 2268 616 2316 ad
627 2267 751 2330 imperium
783 2268 946 2317 risconmlturn
957 2268 1109 2315 vernonium
1126 2266 1224 2314 scribere
1240 2266 1301 2314 duos

235 2331 587 2395 anaiiutersuntnouquiuque.
598 2333 750 2392 Duodecimn,
785 2333 841 2381 Vat.
862 2335 936 2380 Accio
957 2334 1051 2392 Clauso,
1072 2330 1162 2378 resena
1194 2331 1241 2378 Sed
1261 2330 1302 2378 ille

235 2410 290 2458 ergo
309 2396 333 2442 in
355 2395 464 2443 Suetonio
481 2395 634 2454 scribendum,
655 2397 675 2442 si
694 2396 752 2443 ratio
785 2397 881 2460 quidem
900 2396 968 2444 nobis
988 2395 1113 2459 imposuitr
1137 2409 1180 2457 ego
1197 2394 1218 2442 ai
1235 2393 1301 2452 fallo,

236 2459 331 2523 quidem
347 2467 477 2509 constatura
488 2467 528 2508 est
551 2460 626 2509 ers.
660 2459 706 2507 Ed.
717 2476 752 2523 pr.
786 2471 837 2509 tum
849 2461 907 2509 mihi
917 2459 993 2524 quivis
1005 2459 1302 2521 enarraremus,

238 2525 325 2584 Optio.-
345 2523 401 2571 item
420 2523 475 2571 Ms
488 2524 566 2571 Guelf-
585 2524 627 2587 qui
644 2533 667 2572 et
683 2524 751 2583 infra,
786 2528 863 2573 emito
878 2528 992 2573 mnibus.
1026 2523 1093 2571 facit
1106 2523 1207 2571 aVatic.
1222 2524 1247 2570 In
1263 2538 1302 2570 ea·

236 2587 260 2635 h.
273 2602 292 2635 c.
309 2588 379 2635 habet
393 2590 521 2634 orasbnem
540 2602 583 2650 pro
598 2590 752 2650 adoptionem.
786 2589 839 2636 dem
861 2590 999 2637 bibliotheca
1013 2596 1080 2635 vetus
1097 2588 1191 2635 sueton.
1206 2587 1248 2651 qui
1264 2586 1302 2633 in·

194 2696 196 2700 .
237 2651 312 2699 Paulo
322 2660 374 2715 post
384 2650 420 2697 ed.
431 2665 466 2711 pr.
474 2652 606 2714 pueritnm
623 2654 695 2698 robur
705 2653 754 2697 cir·
785 2653 826 2700 itio
836 2652 1038 2711 libritertii‚Atta
1051 2652 1151 2701 ClaudIo
1161 2650 1236 2698 refert.
1268 2651 1303 2699 Et

166 2716 169 2723 ’
238 2717 364 2763 mandaret.
382 2715 454 2762 Ean.
787 2717 869 2780 quidni
887 2717 1013 2780 probabile,
1032 2730 1086 2763 cum
1104 2714 1203 2762 Clamas
1225 2730 1303 2763 recens

270 2780 464 2839 Se—acctngeret
476 2779 574 2843 juvene]
599 2779 646 2827 Ed.
663 2793 699 2841 pr.
715 2794 754 2826 ac·
787 2781 900 2828 eSabinis
911 2789 977 2840 esset,
988 2792 1121 2843 prenomen
1131 2793 1186 2825 eum
1196 2777 1304 2827 habuisse

238 2844 360 2904 attigeret.-
377 2846 489 2905 juvenem
503 2860 531 2907 p.
546 2859 565 2891 c.
577 2846 754 2906 capessiturum.
787 2845 947 2894 terminatione
970 2842 1104 2891 Sabinum?
1136 2842 1305 2906 Emendandus

238 2908 311 2956 Ean.
787 2910 828 2968 ita,
851 2924 889 2957 me
910 2908 996 2969 judice,
1015 2907 1098 2955 Livius
1122 2909 1147 2961 2,
1172 2907 1208 2952 16.
1242 2909 1304 2954 Arta

268 2972 755 3037 Bienntomojoremnatu1Freinsh.cor·
790 2975 899 3033 caum,
927 2974 967 3019 cni
994 2978 1076 3033 poena
1101 2971 1181 3031 Appio
1204 2971 1305 3018 Claudio

237 3036 292 3099 rigis
309 3039 411 3085 triennio
426 3053 455 3101 err
468 3038 507 3096 13,
524 3040 546 3084 6.
565 3040 602 3085 15.
613 3036 655 3084 ubi
673 3036 754 3085 eodem
789 3039 871 3085 Rome
886 3052 969 3084 nornen
981 3036 1043 3098 suit.
1057 3036 1096 3095 10,
1108 3037 1131 3082 8.
1165 3036 1305 3096 Principem

237 3100 285 3149 iere
299 3110 402 3163 tempore
415 3102 505 3149 Neroni
521 3100 608 3161 XVII,
621 3100 755 3149 Britannico
788 3103 916 3149 nobilitatis
932 3107 1022 3158 vestre,
1033 3114 1074 3146 sen
1084 3100 1170 3147 Attum
1182 3099 1304 3159 Cbumm,

236 3164 303 3212 XIV
315 3165 371 3213 anni
382 3166 523 3213 tribuuntur.
557 3164 661 3226 Ryckms
677 3175 755 3211 autem
788 3180 828 3213 reu
839 3167 887 3227 Ap.
901 3166 1030 3214 onustum
1046 3164 1126 3211 vuitb-
1159 3163 1198 3210 De
1209 3162 1305 3221 Clauso,

238 3228 355 3275 natalibus
374 3228 494 3291 utriusque
509 3230 646 3289 comparatis
661 3244 675 3277 e
691 3229 754 3276 Suet
788 3230 910 3277 manifeste
919 3237 971 3291 post
981 3227 1108 3289 Virgilium
1125 3226 1196 3274 Silina
1209 3225 1247 3286 17,
1262 3228 1304 3273 33.

239 3290 296 3339 Ner.
318 3294 341 3339 u.
362 3300 385 3339 et
404 3290 488 3340 Claud
507 3294 548 3346 27.
568 3301 668 3355 quatuor
689 3294 756 3340 annis
789 3295 850 3354 Hic,
861 3295 944 3355 prisca
960 3293 1045 3339 ducena
1057 3292 1198 3339 Clausorum
1212 3291 1241 3336 ab
1256 3293 1305 3338 ori·

239 3356 350 3415 majorem
360 3356 476 3403 Neronem
487 3355 550 3403 facit.
568 3355 703 3405 Dodwellua
714 3356 755 3403 de·
786 3359 846 3419 gine
862 3372 953 3416 nomn,
972 3356 1081 3404 caeru.
1113 3355 1147 3401 Et
1162 3353 1264 3402 Ovidius
1279 3356 1306 3403 in

239 3420 310 3482 nique
322 3419 390 3467 Prael.
404 3420 516 3467 camden.
526 3422 550 3479 ὅ,
563 3420 586 3465 6.
598 3422 756 3481 quiaquennto
789 3420 866 3469 Fastis
876 3422 900 3482 4,
912 3422 968 3467 305.
1003 3419 1103 3467 Claudio
1115 3419 1218 3474 Qulncta
1229 3433 1307 3479 genae

238 3483 398 3545 corrigendum
408 3493 500 3531 censete
517 3483 617 3547 prImam
628 3485 689 3533 vocis
703 3499 756 3547 par·
791 3487 877 3533 Clamo
888 3483 1106 3547 reserebatabolto.
1137 3482 1214 3530 Iura.
1246 3484 1307 3531 Atto

240 3547 359 3595 temnetis
373 3547 531 3595 numeralibus
547 3548 655 3611 scriptam
667 3547 751 3595 fuisse:
789 3548 1131 3611 Flaccodqnodverumeat.
1163 3545 1225 3595 Vide
1236 3561 1308 3611 supra

239 3610 756 3674 eV,factnmIl,quemlapsnmlibreriorum
789 3612 819 3660 ad
841 3614 865 3671 t,
888 3614 912 3662 9.
944 3610 1008 3658 Edd.
1046 3626 1064 3656 r·
1085 3610 1163 3658 Rhea.
1185 3609 1243 3657 Ald.
1263 3620 1307 3659 etc.

238 3674 442 3750 frpquentanresse
454 3676 483 3750 in·
495 3676 560 3723 libris
570 3675 675 3749 scriptia:
693 3676 756 3750 quud
790 3677 878 3738 Appio.
914 3674 1006 3725 Puteal.
1154 3674 1208 3723 Alc·
1228 3675 1307 3723 Actio.

239 3739 544 3852 ffladllnbdlisdidiudi
551 3740 757 3851 siliildlidstiiemielt
789 3740 962 3861 Engaoesitiorc
976 3806 1002 3851 in
1012 3805 1148 3851 Dominum
1162 3804 1307 3867 adulatione]

239 3867 318 3927 fimus,
331 3868 506 3917 Freinshemius
519 3868 558 3915 bic
567 3867 646 3930 potius
659 3868 755 3915 audieu-
791 3863 962 3917 Pichenabene
972 3869 1006 3916 sie
1016 3883 1029 3915 e
1040 3867 1090 3915 cod.
1101 3868 1138 3915 m
1148 3867 1189 3914 ubi
1199 3875 1234 3915 est
1245 3882 1308 3927 qaoe·

240 3930 284 3978 dus
301 3932 351 3979 erit.
387 3932 449 3979 Itlox
467 3932 545 3981 Guelf.
559 3932 639 3979 ltabtta
657 3938 710 3979 ante
725 3934 757 3979 ad
789 3934 868 3980 eriora.
891 3932 937 3980 Ed.
946 3948 982 3995 pr.
989 3937 1110 3992 questore,
1119 3931 1234 3978 utGuelf.
1243 3930 1308 3993 quod

241 3996 362 4043 Senatum.
397 3996 459 4043 Mox
483 3997 580 4043 eundem
605 3994 694 4043 videtur
717 3995 756 4042 in·
789 3997 910 4045 exeodem
925 4005 1010 4044 onum.
1041 3996 1067 4041 A
1080 3994 1309 4043 PuteoLadPIche·

237 4058 323 4119 ,dicare
350 4060 375 4107 in
400 4061 467 4107 nulla
487 4069 552 4123 pane
571 4059 719 4107 immutatam
742 4075 756 4107 a
789 4075 845 4108 nam
861 4060 1180 4120 editumerateequtattiore.
1211 4058 1308 4107 Tacitus

241 4123 340 4171 Claudio
358 4124 500 4171 oratIonemr
523 4123 580 4171 alias
597 4138 645 4171 esse
659 4124 757 4171 debebat
789 4141 849 4189 saepe
865 4124 965 4188 simplici
982 4124 1024 4171 illo
1041 4123 1125 4182 utitur,
1141 4129 1169 4169 ut
1184 4121 1222 4169 rel
1237 4122 1308 4171 iudex

242 4200 301 4235 earn
319 4188 394 4236 Ean.
412 4189 524 4237 Titurnia
533 4187 691 4251 probantBip
699 4187 756 4235 item
789 4189 862 4242 docet
877 4188 948 4236 Ean.

242 4249 309 4299 Brot-
343 4252 402 4300 Tres
416 4266 488 4300 annos
500 4261 522 4300 et
533 4253 580 4299 duo
593 4266 682 4299 menses
696 4252 757 4299 inter
823 4254 861 4301 rto
879 4259 919 4301 ata
928 4253 979 4315 len]
997 4250 1094 4299 Curiata
1104 4248 1168 4314 apud
1177 4249 1309 4301 Pontifices.

243 4312 343 4363 Neronia
360 4325 382 4365 et
395 4315 525 4365 Britannici
544 4316 630 4363 natales
649 4316 757 4364 interces-
791 4315 845 4363 Vid
890 4316 895 4327 “
943 4316 1021 4372 1,15.
1056 4313 1117 4362 Mox
1139 4320 1215 4362 tentor
1233 4314 1310 4377 legere

242 4377 306 4436 dare,
325 4388 389 4427 notat
406 4380 476 4428 etiam
494 4378 591 4429 Ealshel.
607 4380 632 4427 in
648 4379 680 4427 D.
698 4380 757 4428 NN.
784 4381 888 4442 fortuna
904 4392 1018 4427 merore.-
1035 4378 1075 4426 sed
1091 4379 1212 4441 vulgabant
1228 4379 1307 4438 etiam,

243 4452 287 4491 vet.
299 4444 344 4493 vol.
358 4445 415 4507 6.p.
427 4444 483 4494 260.
790 4458 934 4508 quamquam
945 4441 1036 4502 durius,
1048 4442 1102 4490 ferri
1112 4451 1196 4507 potest.
1212 4440 1284 4490 aar.
