3042 4950
231 264 288 325 err
647 228 879 306 nauantunr
1118 239 1291 314 [auara

237 420 419 486 vincialibus
435 413 603 503 potentiam
627 434 714 476 suarn
740 410 795 475 tali
816 408 910 473 modo
930 404 1125 471 ostentandi:
1148 402 1203 467 sed
1223 402 1294 468 laus

238 508 317 572 falsa
330 518 361 568 et
375 502 517 590 precibus
527 521 672 585 expressa
684 494 812 582 perinde
826 494 1039 570 cohibeantur,
1053 510 1149 575 quam
1165 488 1293 563 malitia,

241 613 336 678 quarn
354 586 526 653 crudelitas.
572 584 676 646 Plura»
690 604 772 666 saepe
791 592 967 666 peccantur,
987 578 1064 641 dum
1088 575 1293 650 demeremur,

242 698 338 763 quam
353 674 429 738 dum
443 668 636 741 offendimus
684 664 841 737 Quaedam
855 663 951 726 immo
965 662 1096 725 virtutes
1116 658 1188 723 odio
1209 672 1295 735 sunt,

242 758 387 824 severitas
399 756 563 829 obstinata,
578 752 711 815 invictus
725 749 891 812 adversum
904 747 1037 831 gratiam
1050 744 1179 809 animus.
1212 743 1295 808 Inde
1361 779 1365 785 ·

242 846 331 909 initia
342 842 587 927 Magistratuum
599 851 776 900 nostrorum
785 832 910 900 meliora
921 833 1028 909 ferme,
1042 841 1073 893 et
1080 829 1150 893 finis
1157 828 1294 906 inclinat,

244 931 332 1006 dum,
347 927 380 990 in
394 925 523 989 modum
537 920 784 996 candidatorum,
808 917 955 1015 suffragia
973 914 1201 999 conquirimus:
1223 936 1298 999 quae

246 1016 452 1087 siarceantur,
462 1006 646 1094 aequabilius
656 1018 750 1089 atque
761 1000 1125 1088 constantiusprovinciae
1135 1012 1294 1083 regentur:

245 1122 318 1163 nam
332 1110 368 1160 ut
386 1108 471 1158 metu
488 1091 731 1178 repetundarum
754 1087 884 1150 infracta
904 1086 1033 1151 avaritia
1053 1097 1110 1167 est,
1131 1083 1185 1161 ita,
1203 1081 1299 1147 vetita

246 1182 418 1270 gratiarum
432 1178 561 1254 actione,
576 1175 704 1239 ambitio
718 1171 941 1237 cohibebitur.''

292 1267 417 1331 XXII·
431 1265 553 1349 Magno
567 1261 698 1324 adsensu
708 1258 860 1322 celebrata
874 1254 1037 1320 sententia:
1054 1278 1116 1319 non
1132 1268 1234 1319 tamen
1246 1254 1300 1318 Se-

247 1347 514 1421 natuscon'sultum
529 1346 633 1433 perfici
648 1343 761 1430 potuit,
778 1342 987 1406 abnuentibus
1002 1339 1190 1404 Consulibus
1209 1363 1246 1402 ea
1259 1338 1302 1401 de

247 1462 281 1501 re
300 1436 441 1501 relatum.
487 1433 579 1508 Mox,
601 1440 726 1493 auctore
741 1426 898 1511 Principe,
914 1448 1053 1501 sanxere,
1077 1432 1096 1462 “
1117 1422 1238 1508 nequis
1259 1422 1302 1485 ad

247 1520 410 1597 concilium
425 1516 577 1581 sociorum
591 1515 730 1588 referret,
744 1510 880 1597 agendas
891 1509 977 1596 apud
992 1511 1143 1573 Senatum
1158 1511 1302 1593 Proprae·

247 1607 367 1671 toribus
381 1598 661 1668 Proveconsulibus
674 1609 789 1685 grateS,
811 1617 872 1659 neu
887 1595 958 1684 quis
972 1617 1008 1659 ea
1022 1592 1174 1682 legatione
1189 1593 1304 1679 funge-

280 1778 384 1827 Perinde
395 1775 554 1837 cohibeantur]
571 1772 621 1824 (ste
631 1769 694 1818 Bud.
705 1768 756 1829 ssd)
792 1767 896 1817 Suetonii
915 1768 990 1831 celig.
1010 1768 1047 1816 15.
1068 1769 1117 1818 haee
1133 1768 1216 1819 didici:
1237 1770 1307 1826 Quod

137 1853 145 1860 '
249 1842 304 1891 MS.
316 1841 395 1889 (iucif.
410 1856 424 1887 a
440 1854 484 1886 sec.
496 1852 558 1884 man.
574 1836 714 1891 cohibeatur,
731 1842 758 1880 ut
793 1835 876 1881 bonum
889 1834 996 1897 filioque
1014 1837 1045 1881 sii
1064 1836 1092 1883 C.
1108 1836 1206 1893 Coeaori,
1223 1836 1250 1881 rie
1265 1836 1306 1882 N.

247 1907 338 1955 solebat
360 1902 489 1952 Acidaliae.
530 1901 556 1949 si
592 1893 673 1945 lurulis
691 1912 758 1945 reus
795 1899 879 1946 Patres
900 1900 1031 1959 emeripii,
1053 1900 1111 1960 qaid
1127 1900 1186 1959 fleri
1203 1898 1306 1960 piacet?

248 1980 291 2030 eat,
313 1966 443 2017 retermdus
464 1965 535 2013 simul
603 1961 717 2011 malitiam
736 1968 759 2009 et
794 1964 871 2011 ers.
905 1961 1231 2024 Lipsiusigimrsubstsntise
1245 1960 1307 2023 cepit
1331 1982 1335 1985 ·

248 2033 414 2083 crudelitatem
446 2029 519 2077 aar.
795 2028 905 2083 relatum,
922 2034 949 2073 ut
964 2034 998 2073 est
1014 2026 1083 2075 etiam
1095 2026 1128 2074 H.
1141 2027 1162 2085 1,
1174 2027 1215 2074 30.
1223 2040 1308 2089 quam-

286 2097 389 2144 Virtutes
406 2095 457 2141 odio
475 2092 541 2155 enei]
557 2090 645 2153 Vulgo,
661 2089 703 2153 qui
722 2104 760 2137 cas
795 2102 875 2155 quanr
884 2090 929 2137 alio
945 2105 1021 2139 sensu.
1052 2090 1103 2139 Alii
1118 2090 1224 2139 videntur
1239 2089 1308 2137 intel-

247 2169 363 2226 grasatur.
396 2159 472 2206 Lrns.
656 2194 658 2199 .
795 2155 1151 2217 lexisserelatamproreieium
1164 2170 1227 2202 esre:
1245 2153 1310 2202 unde

280 2220 499 2287 Eijinieinciinat]
516 2220 624 2268 Primum
639 2217 761 2266 etiem
796 2218 944 2268 Boxhornius
968 2218 1002 2266 D.
1029 2218 1120 2267 Heinsii
1146 2219 1310 2267 mnoetionem

250 2304 293 2353 pro
303 2290 395 2345 κω,
411 2283 584 2349 utsrepealias.
617 2280 762 2338 v.aue‚a.
797 2284 891 2346 probat:
910 2284 1143 2333 maniacense
1159 2298 1185 2329 re
1201 2285 1312 2330 relatum.

251 2354 358 2409 inclinat,
376 2350 479 2411 intellige
495 2348 520 2396 in
537 2356 613 2413 partes
633 2345 761 2394 tietenores.
799 2346 927 2395 Schefferus
942 2347 968 2393 in
983 2346 1065 2393 'aresi
1097 2347 1154 2395 Obs.
1167 2346 1236 2394 illiso.
1252 2354 1269 2393 t.
1287 2348 1312 2394 8.

250 2417 312 2465 Mox
323 2412 453 2463 Groslotius
462 2413 564 2461 malebat
576 2412 711 2472 epuaiiiioe
722 2424 765 2472 pro
798 2427 822 2475 p.
833 2412 888 2459 292.
899 2410 932 2458 sic
941 2410 1097 2475 interpungitr
1117 2412 1272 2461 Consulibus:
1284 2425 1311 2457 ea

250 2483 373 2544 apodiat.
383 2475 762 2542 Etsihoequoquetici'eadipotest:
799 2479 826 2524 de
848 2490 875 2523 re
893 2478 993 2523 reiciam
1010 2483 1172 2534 nsanoociere
1187 2477 1310 2538 Principe.

252 2554 329 2594 tanen
341 2543 397 2607 quia
406 2543 542 2603 aequabilius
552 2549 587 2590 est
601 2541 626 2588 in
643 2539 677 2587 etl
689 2554 725 2602 pr.
741 2546 765 2585 et
801 2543 914 2599 Sonrere,
931 2555 960 2587 ne
970 2547 1011 2588 etc.
1045 2540 1168 2603 Ingeniosa
1183 2541 1273 2603 utiquc,
1288 2549 1313 2588 et

252 2605 766 2666 Sallustiussicoonjunxitaequobiiiusatque
800 2605 833 2654 sic
843 2620 914 2669 prope
925 2604 1041 2653 estined.
1052 2621 1087 2668 pr.
1120 2606 1273 2653 Corrnciiimr
1285 2619 1314 2652 ea

253 2673 397 2719 wmtoeiius
407 2667 687 2718 cetuauttnoeheud
696 2665 767 2714 dubie
802 2672 829 2717 de
854 2684 880 2716 re
907 2671 982 2716 laium
1006 2683 1061 2716 moe
1082 2676 1176 2717 auctam
1198 2671 1314 2731 Principe

254 2733 651 2796 mmsentoequoiiiiaercoepimus.
670 2731 767 2778 Scantin
802 2747 906 2782 sanxere.
940 2733 1035 2796 Lipsius
1051 2748 1131 2781 verum
1151 2733 1213 2780 vidit.
1252 2733 1315 2792 Quo

252 2797 477 2847 ncsestBroterina
509 2797 580 2844 Ean.
613 2795 719 2843 Etlall.
802 2797 1004 2861 peregressionem
1014 2796 1129 2844 relationis
1139 2796 1200 2845 dieta
1211 2804 1283 2857 erant,
1299 2812 1316 2844 a

287 2864 394 2911 Ambitio
404 2862 534 2924 cohibetur]
552 2859 663 2921 legerem
680 2859 769 2905 coliibe-
803 2862 869 2910 Cosa.
896 2868 961 2908 erant
981 2876 1011 2908 ex
1032 2859 1122 2923 integro
1142 2861 1267 2917 reserenda,
1295 2860 1316 2907 si

255 2927 327 2975 titur.
360 2927 437 2974 1111’8·
469 2921 560 2973 Veium
571 2931 612 2971 esi.
645 2924 717 2970 Euri.
805 2925 895 2973 SCtum
903 2923 1064 2978 fierideberet.
1091 2924 1264 2983 v.nd13‚26.
1281 2924 1317 2972 Et

287 2991 450 3038 Alnueetibue
462 2990 599 3037 Coaudibm
606 2989 667 3034 eade
675 3002 700 3033 re
709 2988 769 3033 relo-
806 2989 915 3038 Tacitum
931 2989 1037 3036 delectari
1047 2989 1090 3037 hac
1101 2987 1175 3036 fornia
1185 2991 1316 3048 verborum,

257 3055 321 3117 tum]
346 3053 432 3116 Atqui,
450 3055 519 3100 iic'ere
541 3053 661 3111 Patribus,
682 3052 770 3112 qualia
805 3062 886 3102 notum
898 3063 939 3100 est.
971 3052 1041 3101 Ean.
1074 3053 1192 3101 Relatum
1217 3068 1242 3100 ro
1256 3054 1317 3102 rela-

250 3124 295 3184 J'us
305 3119 407 3166 dicende
422 3118 540 3185 sentenia
555 3118 702 3177 accepissent,
719 3130 770 3175 one
805 3117 1046 3181 ticncpositunr.noli
1054 3115 1167 3164 dubitare.
1225 3125 1318 3166 osteret

258 3184 493 3244 velienteepeomere,
510 3181 688 3238 Maioremque
703 3181 728 3224 io
744 3194 771 3224 eo
805 3181 861 3229 alibi
878 3197 905 3229 eo
921 3181 1064 3230 substantivo
1078 3181 1158 3228 utitur.
1190 3180 1222 3229 V.
1240 3182 1273 3229 H.
1293 3183 1317 3239 l,

255 3247 382 3311 maiore,
399 3260 469 3307 supra
487 3245 526 3303 1³,
543 3245 583 3292 ts.
599 3243 688 3306 scripsit
701 3241 771 3290 Taci-
805 3249 845 3294 30.
861 3252 884 3293 st
899 3246 980 3295 Germ.
996 3247 1020 3294 3.
1052 3245 1139 3294 Contra
1152 3248 1177 3303 2,
1193 3242 1233 3293 38.
1249 3245 1320 3294 habet

258 3321 313 3358 tus:
331 3309 447 3372 similique
458 3308 603 3366 meroes,
615 3309 655 3354 38.
670 3307 731 3370 lego,
746 3307 770 3355 A
805 3311 886 3371 egredi
898 3311 1037 3358 relationem.

258 3375 385 3436 mojoriioa
402 3386 532 3419 coracesium
551 3373 632 3433 egredi
648 3373 773 3432 aliquando
840 3377 952 3432 Sonuere,
963 3377 1066 3439 nepai]
1084 3375 1192 3440 Reperio,
1204 3377 1255 3437 jam
1265 3387 1319 3424 sate

257 3440 402 3495 relationem,
421 3443 452 3495 ei,
468 3437 528 3498 qaod
542 3437 567 3482 in
583 3450 704 3482 conmone
719 3449 773 3481 ean
806 3438 909 3486 unxiae
924 3437 948 3485 id
962 3435 1116 3502 ingrammi
1133 3439 1164 3488 de
1178 3455 1226 3503 quo
1236 3439 1322 3488 Dionis

260 3502 525 3559 ducatioweenieniioe
534 3514 649 3562 proetere-
682 3498 773 3546 Licuis-
807 3504 876 3550 verba
886 3503 929 3550 ista
938 3499 1030 3561 56,’25.
1060 3505 1323 3565 Τῷὑπηκόῳπροσπαρ-

260 3574 359 3677 ree
369 3563 777 3676 aminternenses
809 3567 991 3679 Ψ
1007 3576 1051 3654 n
1281 3569 1322 3684 t·

261 3691 331 3767 aona
341 3662 418 3739 luem
434 3691 488 3764 squ
498 3660 653 3765 canusia
670 3706 712 3740 aa
727 3655 777 3738 an}
811 3631 1323 3762 iiii.iiiiiiiiiissiiiiiiiiii’aiyii

262 3757 372 3806 relatione
381 3754 460 3818 perfla
469 3762 546 3816 potuit
554 3755 629 3803 ullum
641 3755 688 3803 SC.
721 3753 777 3804 ideo
811 3779 844 3810 aar
857 3757 1323 3820 epiri,espieriisisiisas,irrrrsieuap·

259 3819 558 3883 ·Vsspssiano.conoessum,
570 3832 630 3865 vrr.
640 3832 680 3866 nr.
692 3833 777 3868 snus·
813 3823 887 3881 τυρίας
898 3823 948 3885 παρ’
960 3824 1029 3870 αὐτῶν
1040 3823 1076 3868 καὶ
1088 3823 1182 3876 insinere
1192 3837 1324 3883 προσπαρα-

267 3898 340 3932 rvrr.
360 3894 485 3932 mnan.
508 3895 710 3932 nnnarrortnu.
729 3898 776 3932 rs·
815 3890 971 3958 ακιυαζρμενοι,
983 3886 1059 3933 πολλὰ
1076 3885 1110 3932 iri
1126 3887 1207 3932 reinna
1225 3884 1324 3950 inanite-

267 3961 351 3997 cnan.
364 3959 695 3996 asieri-nnannrcnarr.
720 3949 778 3995 Ideo
811 3968 865 4007 you».
899 3949 944 3998 Sed
963 3951 1078 4000 diversum
1092 3958 1171 4008 tamen
1187 3949 1231 3996 hcc
1247 3947 1325 4006 Nero-

265 4012 414 4078 sequentibus
430 4009 577 4074 Principibus
591 4010 683 4059 lionoris
698 4027 779 4059 caussa
811 4013 907 4062 niauum
918 4015 1065 4073 consultam
1082 4014 1191 4081 quoniam
1202 4011 1325 4060 illudetu-

265 4077 348 4125 ‹isturu
361 4075 402 4138 jus
412 4075 492 4131 tertie,
503 4083 599 4138 quartae,
616 4075 704 4138 quinte
719 4077 778 4125 rela-
811 4077 873 4140 gusti
891 4087 943 4140 past
960 4078 1022 4126 diem
1037 4074 1149 4143 permittit
1163 4077 1322 4124 hainueres:

265 4141 352 4198 tionis3
370 4139 451 4192 idest
466 4153 505 4187 me
520 4137 650 4202 interprete,
667 4148 702 4198 ut,
718 4155 777 4202 quc-
806 4141 1044 4208 bocplaneetplene
1053 4144 1120 4192 tollit.
1153 4141 1229 4191 ers.

266 4205 309 4252 ties
319 4203 432 4255 Consules
441 4201 487 4266 ipsi
496 4217 542 4251 non
553 4211 634 4262 csoent,
652 4212 697 4250 tres
707 4203 778 4250 nihss·
846 4208 1063 4272 Prcveconaaiiine]
1090 4207 1169 4257 Voles.
1191 4207 1233 4266 sd„
1241 4207 1326 4254 Amm.

259 4267 368 4326 ίοιιιὶιιιιε,
384 4275 485 4331 quatuor
495 4273 536 4314 aut
546 4264 649 4330 quinque
658 4267 778 4315 relatim
812 4269 853 4330 30,
867 4273 890 4320 5.
907 4270 999 4334 corrigit
1009 4275 1242 4334 Proqaeeomuiiiue,
1261 4273 1325 4338 quod

267 4330 341 4378 tumre
351 4341 452 4394 pauent,
463 4343 511 4394 qne
521 4330 550 4378 de
559 4345 585 4378 re
594 4345 694 4394 eumque
704 4331 732 4378 iis
743 4331 777 4378 si·
812 4347 867 4381 saue
875 4335 973 4389 rectiuss
985 4350 1039 4384 nam
1048 4338 1078 4385 de
1084 4340 1186 4404 utrisque
1194 4340 1244 4402 pari
1254 4339 1325 4388 modo

266 4408 341 4440 saras
369 4393 486 4443 &uena
509 4393 649 4444 relationum
670 4397 739 4443 rerba
765 4411 778 4442 e
813 4406 912 4446 ursan.
938 4397 1049 4465 'Etsaepe
1063 4401 1325 4467 inhisparticulispec·
