<?xml version="1.0" encoding="UTF-8"?>
<!DOCTYPE html PUBLIC "-//W3C//DTD XHTML 1.0 Transitional//EN"
    "http://www.w3.org/TR/xhtml1/DTD/xhtml1-transitional.dtd">
<html xmlns="http://www.w3.org/1999/xhtml" xml:lang="en" lang="en">
 <head>
  <title>
</title>
<meta http-equiv="Content-Type" content="text/html;charset=utf-8" />
  <meta name='ocr-system' content='tesseract 3.04.00' />
  <meta name='ocr-capabilities' content='ocr_page ocr_carea ocr_par ocr_line ocrx_word'/>
</head>
<body>
  <div class='ocr_page' id='page_1' title='image "./ccorneliitaciti01grongoog/ccorneliitaciti01grongoog_0014.png"; bbox 0 0 3042 4950; ppageno 0'>
   <div class='ocr_carea' id='block_1_1' title="bbox 45 206 1300 290">
    <p class='ocr_par' dir='ltr' id='par_1_1' title="bbox 45 206 1300 290">
     <span class='ocr_line' id='line_1_1' title="bbox 45 206 1300 290; baseline -0.001 -23"><span class='ocrx_word' id='word_1_1' title='bbox 45 209 49 216; x_wconf 88' lang='lat'><em>·</em></span> <span class='ocrx_word' id='word_1_2' title='bbox 227 211 245 268; x_wconf 85' lang='lat' dir='ltr'><strong>a</strong></span> <span class='ocrx_word' id='word_1_3' title='bbox 641 213 872 274; x_wconf 72' lang='lat' dir='ltr'><strong>anuinium</strong></span> <span class='ocrx_word' id='word_1_4' title='bbox 1124 206 1300 290; x_wconf 57' lang='lat' dir='ltr'><strong>[aquaso.</strong></span> 
     </span>
    </p>
   </div>
   <div class='ocr_carea' id='block_1_2' title="bbox 227 371 1302 690">
    <p class='ocr_par' dir='ltr' id='par_1_2' title="bbox 227 371 1301 461">
     <span class='ocr_line' id='line_1_2' title="bbox 227 371 1301 461; baseline -0.002 -21"><span class='ocrx_word' id='word_1_5' title='bbox 227 373 278 440; x_wconf 75' lang='lat' dir='ltr'><strong>&#39;dii</strong></span> <span class='ocrx_word' id='word_1_6' title='bbox 298 372 404 450; x_wconf 86' lang='lat' dir='ltr'><strong>verba,</strong></span> <span class='ocrx_word' id='word_1_7' title='bbox 420 374 454 436; x_wconf 87' lang='lat' dir='ltr'><strong>in</strong></span> <span class='ocrx_word' id='word_1_8' title='bbox 473 372 603 436; x_wconf 89' lang='lat' dir='ltr'><strong>eandem</strong></span> <span class='ocrx_word' id='word_1_9' title='bbox 615 371 825 438; x_wconf 84' lang='lat' dir='ltr'><strong>&#39;clementiam</strong></span> <span class='ocrx_word' id='word_1_10' title='bbox 870 374 1212 440; x_wconf 72' lang='lat' dir='ltr'><strong>Hortintibus&#39;dehine</strong></span> <span class='ocrx_word' id='word_1_11' title='bbox 1231 374 1301 461; x_wconf 91' lang='lat' dir='ltr'><strong>qui-</strong></span> 
     </span>
    </p>

    <p class='ocr_par' dir='ltr' id='par_1_3' title="bbox 233 457 1302 536">
     <span class='ocr_line' id='line_1_3' title="bbox 233 457 1302 536; baseline -0.002 -12"><span class='ocrx_word' id='word_1_12' title='bbox 233 457 367 524; x_wconf 87' lang='lat' dir='ltr'><strong>busdam</strong></span> <span class='ocrx_word' id='word_1_13' title='bbox 387 457 522 522; x_wconf 87' lang='lat' dir='ltr'><strong>inediam</strong></span> <span class='ocrx_word' id='word_1_14' title='bbox 540 471 572 520; x_wconf 92' lang='lat' dir='ltr'><strong>et</strong></span> <span class='ocrx_word' id='word_1_15' title='bbox 591 457 693 522; x_wconf 89' lang='lat' dir='ltr'><strong>lenem</strong></span> <span class='ocrx_word' id='word_1_16' title='bbox 714 459 847 535; x_wconf 83' lang='lat' dir='ltr'><strong>exitum,</strong></span> <span class='ocrx_word' id='word_1_17' title='bbox 874 459 1066 524; x_wconf 89' lang='lat' dir='ltr'><strong>“remittere</strong></span> <span class='ocrx_word' id='word_1_18' title='bbox 1087 460 1302 536; x_wconf 85' lang='lat' dir='ltr'><strong>beneficium,”</strong></span> 
     </span>
    </p>

    <p class='ocr_par' dir='ltr' id='par_1_4' title="bbox 235 543 1302 690">
     <span class='ocr_line' id='line_1_4' title="bbox 235 543 1302 690; baseline 0 -82"><span class='ocrx_word' id='word_1_19' title='bbox 235 543 394 609; x_wconf 81' lang='lat' dir='ltr'><strong>Asiaticus</strong></span> <span class='ocrx_word' id='word_1_20' title='bbox 418 543 479 606; x_wconf 88' lang='lat' dir='ltr'><strong>ait:</strong></span> <span class='ocrx_word' id='word_1_21' title='bbox 513 555 544 606; x_wconf 89' lang='lat' dir='ltr'><strong>et</strong></span> <span class='ocrx_word' id='word_1_22' title='bbox 565 544 731 690; x_wconf 63' lang='lat' dir='ltr'><strong>usquutis,</strong></span> <span class='ocrx_word' id='word_1_23' title='bbox 746 543 869 630; x_wconf 59' lang='lat' dir='ltr'><strong>vquibus</strong></span> <span class='ocrx_word' id='word_1_24' title='bbox 898 543 1083 621; x_wconf 83' lang='lat' dir='ltr'><strong>insueverat,</strong></span> <span class='ocrx_word' id='word_1_25' title='bbox 1110 543 1302 609; x_wconf 85' lang='lat' dir='ltr'><strong>exercitatio-</strong></span> 
     </span>
     <span class='ocr_line' id='line_1_5' title="bbox 651 650 670 690; baseline 0 0"><span class='ocrx_word' id='word_1_26' title='bbox 651 650 670 690; x_wconf 84' lang='lat' dir='ltr'><strong>a</strong></span> 
     </span>
    </p>
   </div>
   <div class='ocr_carea' id='block_1_3' title="bbox 234 626 1303 886">
    <p class='ocr_par' dir='ltr' id='par_1_5' title="bbox 234 626 1303 886">
     <span class='ocr_line' id='line_1_6' title="bbox 234 626 1303 715; baseline 0 -23"><span class='ocrx_word' id='word_1_27' title='bbox 234 629 338 702; x_wconf 90' lang='lat' dir='ltr'><strong>nibus,</strong></span> <span class='ocrx_word' id='word_1_28' title='bbox 353 626 439 691; x_wconf 89' lang='lat' dir='ltr'><strong>lauto</strong></span> <span class='ocrx_word' id='word_1_29' title='bbox 453 647 591 714; x_wconf 86' lang='lat' dir='ltr'><strong>corpore,</strong></span> <span class='ocrx_word' id='word_1_30' title='bbox 605 627 627 689; x_wconf 96' lang='lat' dir='ltr'>h</span> <span class='ocrx_word' id='word_1_31' title='bbox 670 651 703 692; x_wconf 90' lang='lat' dir='ltr'><strong>re</strong></span> <span class='ocrx_word' id='word_1_32' title='bbox 717 628 872 715; x_wconf 85' lang='lat' dir='ltr'><strong>epulatus,</strong></span> <span class='ocrx_word' id='word_1_33' title='bbox 887 651 970 708; x_wconf 88' lang='lat' dir='ltr'><strong>oum,</strong></span> <span class='ocrx_word' id='word_1_34' title='bbox 986 653 1018 693; x_wconf 89' lang='lat' dir='ltr'><strong>se</strong></span> <span class='ocrx_word' id='word_1_35' title='bbox 1033 637 1054 668; x_wconf 90' lang='lat'><strong>“</strong></span> <span class='ocrx_word' id='word_1_36' title='bbox 1068 629 1228 694; x_wconf 82' lang='lat' dir='ltr'><strong>honestius</strong></span> <span class='ocrx_word' id='word_1_37' title='bbox 1239 629 1303 692; x_wconf 88' lang='lat' dir='ltr'><strong>oal-</strong></span> 
     </span>
     <span class='ocr_line' id='line_1_7' title="bbox 234 710 1302 801; baseline 0 -25"><span class='ocrx_word' id='word_1_38' title='bbox 234 713 355 777; x_wconf 87' lang='lat' dir='ltr'><strong>liditate</strong></span> <span class='ocrx_word' id='word_1_39' title='bbox 377 712 509 792; x_wconf 88' lang='lat' dir='ltr'><strong>Tiberii,</strong></span> <span class='ocrx_word' id='word_1_40' title='bbox 538 712 588 776; x_wconf 88' lang='lat' dir='ltr'><strong>vel</strong></span> <span class='ocrx_word' id='word_1_41' title='bbox 608 711 729 798; x_wconf 89' lang='lat' dir='ltr'><strong>impetu</strong></span> <span class='ocrx_word' id='word_1_42' title='bbox 759 713 796 777; x_wconf 89' lang='lat' dir='ltr'><strong>C.</strong></span> <span class='ocrx_word' id='word_1_43' title='bbox 824 710 956 778; x_wconf 78' lang='lat' dir='ltr'><strong>Caesaris</strong></span> <span class='ocrx_word' id='word_1_44' title='bbox 980 713 1183 801; x_wconf 83' lang='lat' dir='ltr'><strong>periturum,&#39;’</strong></span> <span class='ocrx_word' id='word_1_45' title='bbox 1206 712 1302 777; x_wconf 84' lang='lat' dir='ltr'><strong>‹lixis-</strong></span> 
     </span>
     <span class='ocr_line' id='line_1_8' title="bbox 235 795 1301 886; baseline -0.003 -22"><span class='ocrx_word' id='word_1_46' title='bbox 235 811 291 877; x_wconf 82' lang='lat' dir='ltr'><strong>ser,</strong></span> <span class='ocrx_word' id='word_1_47' title='bbox 312 805 334 836; x_wconf 89' lang='lat'>“</span> <span class='ocrx_word' id='word_1_48' title='bbox 348 821 454 883; x_wconf 86' lang='lat' dir='ltr'><strong>qnam,</strong></span> <span class='ocrx_word' id='word_1_49' title='bbox 477 798 564 883; x_wconf 91' lang='lat' dir='ltr'><strong>quod</strong></span> <span class='ocrx_word' id='word_1_50' title='bbox 583 798 694 864; x_wconf 85' lang='lat' dir='ltr'><strong>fraude</strong></span> <span class='ocrx_word' id='word_1_51' title='bbox 715 797 870 878; x_wconf 89' lang='lat' dir='ltr'><strong>muliebri,</strong></span> <span class='ocrx_word' id='word_1_52' title='bbox 891 813 924 862; x_wconf 90' lang='lat' dir='ltr'><strong>et</strong></span> <span class='ocrx_word' id='word_1_53' title='bbox 943 795 1092 886; x_wconf 86' lang='lat' dir='ltr'><strong>inpudico</strong></span> <span class='ocrx_word' id='word_1_54' title='bbox 1106 797 1228 865; x_wconf 88' lang='lat' dir='ltr'><strong>Vitellii</strong></span> <span class='ocrx_word' id='word_1_55' title='bbox 1243 817 1301 862; x_wconf 71' lang='lat' dir='ltr'><strong>&#39;ore</strong></span> 
     </span>
    </p>
   </div>
   <div class='ocr_carea' id='block_1_4' title="bbox 229 1033 1330 3336">
    <p class='ocr_par' dir='ltr' id='par_1_6' title="bbox 229 1033 1303 1980">
     <span class='ocr_line' id='line_1_9' title="bbox 268 1033 1301 1099; baseline -0.002 -14"><span class='ocrx_word' id='word_1_56' title='bbox 268 1047 331 1085; x_wconf 74' lang='lat' dir='ltr'><strong>asum</strong></span> <span class='ocrx_word' id='word_1_57' title='bbox 352 1033 465 1092; x_wconf 83' lang='lat' dir='ltr'><strong>animum,</strong></span> <span class='ocrx_word' id='word_1_58' title='bbox 486 1039 513 1083; x_wconf 89' lang='lat' dir='ltr'><strong>ut</strong></span> <span class='ocrx_word' id='word_1_59' title='bbox 531 1033 622 1084; x_wconf 56' lang='lat' dir='ltr'><strong>mam</strong></span> <span class='ocrx_word' id='word_1_60' title='bbox 642 1034 752 1086; x_wconf 75' lang='lat' dir='ltr'><strong>Tacitum</strong></span> <span class='ocrx_word' id='word_1_61' title='bbox 788 1036 918 1084; x_wconf 81' lang='lat' dir='ltr'><strong>Tusculani</strong></span> <span class='ocrx_word' id='word_1_62' title='bbox 931 1035 1063 1086; x_wconf 60' lang='lat' dir='ltr'><strong>tamisim.</strong></span> <span class='ocrx_word' id='word_1_63' title='bbox 1076 1037 1145 1099; x_wconf 86' lang='lat' dir='ltr'><strong>.plus</strong></span> <span class='ocrx_word' id='word_1_64' title='bbox 1157 1037 1233 1084; x_wconf 79' lang='lat' dir='ltr'><strong>lterrle</strong></span> <span class='ocrx_word' id='word_1_65' title='bbox 1242 1049 1301 1099; x_wconf 81' lang='lat' dir='ltr'><strong>pro-</strong></span> 
     </span>
     <span class='ocr_line' id='line_1_10' title="bbox 236 1051 1301 1164; baseline -0.003 -14"><span class='ocrx_word' id='word_1_66' title='bbox 236 1051 331 1156; x_wconf 60' lang='lat' dir='ltr'><strong>iiirisse</strong></span> <span class='ocrx_word' id='word_1_67' title='bbox 344 1101 452 1158; x_wconf 82' lang='lat' dir='ltr'><strong>Claudio,</strong></span> <span class='ocrx_word' id='word_1_68' title='bbox 463 1101 603 1148; x_wconf 82' lang='lat' dir='ltr'><strong>consultanti</strong></span> <span class='ocrx_word' id='word_1_69' title='bbox 610 1116 682 1164; x_wconf 86' lang='lat' dir='ltr'><strong>super</strong></span> <span class='ocrx_word' id='word_1_70' title='bbox 689 1103 753 1149; x_wconf 83' lang='lat' dir='ltr'><strong>aiso-</strong></span> <span class='ocrx_word' id='word_1_71' title='bbox 784 1107 861 1147; x_wconf 81' lang='lat' dir='ltr'><strong>manet</strong></span> <span class='ocrx_word' id='word_1_72' title='bbox 881 1103 912 1148; x_wconf 83' lang='lat' dir='ltr'><strong>at</strong></span> <span class='ocrx_word' id='word_1_73' title='bbox 938 1102 1107 1149; x_wconf 69' lang='lat' dir='ltr'><strong>astumatum</strong></span> <span class='ocrx_word' id='word_1_74' title='bbox 1126 1103 1301 1162; x_wconf 84' lang='lat' dir='ltr'><strong>parsimoniam</strong></span> 
     </span>
     <span class='ocr_line' id='line_1_11' title="bbox 237 1165 1301 1227; baseline 0.001 -17"><span class='ocrx_word' id='word_1_75' title='bbox 237 1167 324 1212; x_wconf 74' lang='lat' dir='ltr'><strong>latiam</strong></span> <span class='ocrx_word' id='word_1_76' title='bbox 345 1165 457 1222; x_wconf 72' lang='lat' dir='ltr'><strong>Asiatici,</strong></span> <span class='ocrx_word' id='word_1_77' title='bbox 483 1165 591 1212; x_wconf 72' lang='lat' dir='ltr'><strong>Vitellius</strong></span> <span class='ocrx_word' id='word_1_78' title='bbox 610 1167 633 1211; x_wconf 88' lang='lat' dir='ltr'><strong>ei</strong></span> <span class='ocrx_word' id='word_1_79' title='bbox 654 1167 753 1213; x_wconf 67' lang='lat' dir='ltr'><strong>imnum</strong></span> <span class='ocrx_word' id='word_1_80' title='bbox 785 1166 988 1226; x_wconf 68' lang='lat' dir='ltr'><strong>sustinendamque</strong></span> <span class='ocrx_word' id='word_1_81' title='bbox 1004 1167 1301 1227; x_wconf 67' lang='lat' dir='ltr'><strong>inoptamqnancmm</strong></span> 
     </span>
     <span class='ocr_line' id='line_1_12' title="bbox 230 1227 1301 1290; baseline 0.002 -17"><span class='ocrx_word' id='word_1_82' title='bbox 230 1231 322 1276; x_wconf 83' lang='lat' dir='ltr'><strong>mortis</strong></span> <span class='ocrx_word' id='word_1_83' title='bbox 334 1230 462 1276; x_wconf 73' lang='lat' dir='ltr'><strong>arbitrium</strong></span> <span class='ocrx_word' id='word_1_84' title='bbox 472 1231 590 1288; x_wconf 82' lang='lat' dir='ltr'><strong>permisit.</strong></span> <span class='ocrx_word' id='word_1_85' title='bbox 624 1229 677 1277; x_wconf 80' lang='lat' dir='ltr'><strong>Vni</strong></span> <span class='ocrx_word' id='word_1_86' title='bbox 692 1227 754 1278; x_wconf 78' lang='lat' dir='ltr'><strong>docti</strong></span> <span class='ocrx_word' id='word_1_87' title='bbox 782 1231 922 1290; x_wconf 74' lang='lat' dir='ltr'><strong>prestigia.</strong></span> <span class='ocrx_word' id='word_1_88' title='bbox 953 1229 1065 1287; x_wconf 82' lang='lat' dir='ltr'><strong>Aessdat,</strong></span> <span class='ocrx_word' id='word_1_89' title='bbox 1087 1236 1114 1275; x_wconf 89' lang='lat' dir='ltr'><strong>ut</strong></span> <span class='ocrx_word' id='word_1_90' title='bbox 1132 1228 1203 1275; x_wconf 77' lang='lat' dir='ltr'><strong>etim</strong></span> <span class='ocrx_word' id='word_1_91' title='bbox 1221 1227 1301 1276; x_wconf 77' lang='lat' dir='ltr'><strong>defur-</strong></span> 
     </span>
     <span class='ocr_line' id='line_1_13' title="bbox 237 1291 1299 1356; baseline -0.001 -16"><span class='ocrx_word' id='word_1_92' title='bbox 237 1306 317 1340; x_wconf 86' lang='lat' dir='ltr'><strong>omnes</strong></span> <span class='ocrx_word' id='word_1_93' title='bbox 327 1300 419 1340; x_wconf 80' lang='lat' dir='ltr'><strong>tanturn</strong></span> <span class='ocrx_word' id='word_1_94' title='bbox 430 1292 455 1346; x_wconf 81' lang='lat' dir='ltr'><strong>in</strong></span> <span class='ocrx_word' id='word_1_95' title='bbox 467 1294 538 1340; x_wconf 81' lang='lat' dir='ltr'><strong>verbo</strong></span> <span class='ocrx_word' id='word_1_96' title='bbox 549 1294 662 1354; x_wconf 77' lang='lat' dir='ltr'><strong>permisit</strong></span> <span class='ocrx_word' id='word_1_97' title='bbox 676 1293 754 1342; x_wconf 80' lang='lat' dir='ltr'><strong>sdhoe·</strong></span> <span class='ocrx_word' id='word_1_98' title='bbox 783 1291 862 1351; x_wconf 77' lang='lat' dir='ltr'><strong>rlstur,</strong></span> <span class='ocrx_word' id='word_1_99' title='bbox 874 1292 987 1356; x_wconf 80' lang='lat' dir='ltr'><strong>vegetius</strong></span> <span class='ocrx_word' id='word_1_100' title='bbox 1004 1295 1025 1352; x_wconf 90' lang='lat' dir='ltr'><strong>l,</strong></span> <span class='ocrx_word' id='word_1_101' title='bbox 1041 1295 1081 1340; x_wconf 78' lang='lat'><strong>28.</strong></span> <span class='ocrx_word' id='word_1_102' title='bbox 1095 1292 1128 1339; x_wconf 86' lang='lat' dir='ltr'><strong>sie</strong></span> <span class='ocrx_word' id='word_1_103' title='bbox 1141 1292 1299 1353; x_wconf 71' lang='lat' dir='ltr'><strong>proscriberet</strong></span> 
     </span>
     <span class='ocr_line' id='line_1_14' title="bbox 237 1356 1301 1420; baseline 0 -17"><span class='ocrx_word' id='word_1_104' title='bbox 237 1371 295 1414; x_wconf 80' lang='lat' dir='ltr'><strong>sere3</strong></span> <span class='ocrx_word' id='word_1_105' title='bbox 305 1357 469 1419; x_wconf 81' lang='lat' dir='ltr'><strong>quodegonon</strong></span> <span class='ocrx_word' id='word_1_106' title='bbox 476 1370 602 1419; x_wconf 77' lang='lat' dir='ltr'><strong>repugnem</strong></span> <span class='ocrx_word' id='word_1_107' title='bbox 609 1356 755 1420; x_wconf 84' lang='lat' dir='ltr'><strong>aeoipiposse</strong></span> <span class='ocrx_word' id='word_1_108' title='bbox 786 1357 826 1403; x_wconf 86' lang='lat' dir='ltr'><strong>De</strong></span> <span class='ocrx_word' id='word_1_109' title='bbox 835 1356 996 1404; x_wconf 71' lang='lat' dir='ltr'><strong>mimatae</strong></span> <span class='ocrx_word' id='word_1_110' title='bbox 1007 1359 1042 1404; x_wconf 85' lang='lat' dir='ltr'><strong>rei</strong></span> <span class='ocrx_word' id='word_1_111' title='bbox 1053 1358 1166 1404; x_wconf 71' lang='lat' dir='ltr'><strong>mittaris</strong></span> <span class='ocrx_word' id='word_1_112' title='bbox 1176 1357 1301 1404; x_wconf 73' lang='lat' dir='ltr'><strong>unumn-</strong></span> 
     </span>
     <span class='ocr_line' id='line_1_15' title="bbox 237 1419 1303 1482; baseline -0.002 -15"><span class='ocrx_word' id='word_1_113' title='bbox 237 1435 280 1482; x_wconf 88' lang='lat' dir='ltr'><strong>pro</strong></span> <span class='ocrx_word' id='word_1_114' title='bbox 289 1422 348 1482; x_wconf 86' lang='lat' dir='ltr'><strong>petit</strong></span> <span class='ocrx_word' id='word_1_115' title='bbox 362 1427 390 1467; x_wconf 86' lang='lat' dir='ltr'><strong>ut</strong></span> <span class='ocrx_word' id='word_1_116' title='bbox 397 1421 561 1482; x_wconf 78' lang='lat' dir='ltr'><strong>permittatur.</strong></span> <span class='ocrx_word' id='word_1_117' title='bbox 593 1421 639 1469; x_wconf 86' lang='lat' dir='ltr'><strong>Sed</strong></span> <span class='ocrx_word' id='word_1_118' title='bbox 650 1429 754 1469; x_wconf 85' lang='lat' dir='ltr'><strong>eonstru·</strong></span> <span class='ocrx_word' id='word_1_119' title='bbox 786 1433 829 1480; x_wconf 85' lang='lat' dir='ltr'><strong>que</strong></span> <span class='ocrx_word' id='word_1_120' title='bbox 840 1422 945 1467; x_wconf 84' lang='lat' dir='ltr'><strong>uirtutis.</strong></span> <span class='ocrx_word' id='word_1_121' title='bbox 971 1419 1214 1479; x_wconf 70' lang='lat' dir='ltr'><strong>heumannum,</strong></span> <span class='ocrx_word' id='word_1_122' title='bbox 1226 1419 1303 1482; x_wconf 88' lang='lat' dir='ltr'><strong>inquit</strong></span> 
     </span>
     <span class='ocr_line' id='line_1_16' title="bbox 229 1482 1302 1548; baseline 0 -18"><span class='ocrx_word' id='word_1_123' title='bbox 229 1484 283 1531; x_wconf 70' lang='lat' dir='ltr'><strong>etio</strong></span> <span class='ocrx_word' id='word_1_124' title='bbox 293 1492 341 1532; x_wconf 82' lang='lat' dir='ltr'><strong>tots</strong></span> <span class='ocrx_word' id='word_1_125' title='bbox 348 1483 478 1542; x_wconf 79' lang='lat' dir='ltr'><strong>ritiossest,</strong></span> <span class='ocrx_word' id='word_1_126' title='bbox 487 1482 558 1548; x_wconf 84' lang='lat' dir='ltr'><strong>idque</strong></span> <span class='ocrx_word' id='word_1_127' title='bbox 567 1484 642 1532; x_wconf 88' lang='lat' dir='ltr'><strong>voluit</strong></span> <span class='ocrx_word' id='word_1_128' title='bbox 649 1483 753 1548; x_wconf 75' lang='lat' dir='ltr'><strong>Itipsins,</strong></span> <span class='ocrx_word' id='word_1_129' title='bbox 786 1483 816 1530; x_wconf 87' lang='lat' dir='ltr'><strong>P.</strong></span> <span class='ocrx_word' id='word_1_130' title='bbox 826 1483 966 1532; x_wconf 77' lang='lat' dir='ltr'><strong>Seriverius:</strong></span> <span class='ocrx_word' id='word_1_131' title='bbox 983 1485 1116 1532; x_wconf 67' lang='lat' dir='ltr'><strong>muman</strong></span> <span class='ocrx_word' id='word_1_132' title='bbox 1126 1491 1206 1531; x_wconf 82' lang='lat' dir='ltr'><strong>auctor</strong></span> <span class='ocrx_word' id='word_1_133' title='bbox 1213 1483 1243 1530; x_wconf 82' lang='lat' dir='ltr'><strong>sd</strong></span> <span class='ocrx_word' id='word_1_134' title='bbox 1253 1498 1302 1531; x_wconf 88' lang='lat' dir='ltr'><strong>reru</strong></span> 
     </span>
     <span class='ocr_line' id='line_1_17' title="bbox 237 1546 1303 1612; baseline -0.002 -16"><span class='ocrx_word' id='word_1_135' title='bbox 237 1548 279 1610; x_wconf 92' lang='lat' dir='ltr'><strong>qui</strong></span> <span class='ocrx_word' id='word_1_136' title='bbox 289 1546 377 1612; x_wconf 76' lang='lat' dir='ltr'><strong>alioqui</strong></span> <span class='ocrx_word' id='word_1_137' title='bbox 386 1547 466 1610; x_wconf 85' lang='lat' dir='ltr'><strong>etipse</strong></span> <span class='ocrx_word' id='word_1_138' title='bbox 479 1562 571 1596; x_wconf 87' lang='lat' dir='ltr'><strong>sensum</strong></span> <span class='ocrx_word' id='word_1_139' title='bbox 581 1548 626 1596; x_wconf 86' lang='lat' dir='ltr'><strong>loci</strong></span> <span class='ocrx_word' id='word_1_140' title='bbox 635 1549 691 1597; x_wconf 76' lang='lat' dir='ltr'><strong>sads</strong></span> <span class='ocrx_word' id='word_1_141' title='bbox 701 1564 754 1612; x_wconf 80' lang='lat' dir='ltr'><strong>per.</strong></span> <span class='ocrx_word' id='word_1_142' title='bbox 785 1546 910 1595; x_wconf 80' lang='lat' dir='ltr'><strong>militarem</strong></span> <span class='ocrx_word' id='word_1_143' title='bbox 925 1548 1104 1612; x_wconf 79' lang='lat' dir='ltr'><strong>Romanamque</strong></span> <span class='ocrx_word' id='word_1_144' title='bbox 1113 1547 1238 1606; x_wconf 68' lang='lat' dir='ltr'><strong>virentem</strong></span> <span class='ocrx_word' id='word_1_145' title='bbox 1254 1561 1303 1595; x_wconf 90' lang='lat' dir='ltr'><strong>non</strong></span> 
     </span>
     <span class='ocr_line' id='line_1_18' title="bbox 236 1611 1303 1676; baseline 0.001 -18"><span class='ocrx_word' id='word_1_146' title='bbox 236 1611 326 1674; x_wconf 81' lang='lat' dir='ltr'><strong>spexit:</strong></span> <span class='ocrx_word' id='word_1_147' title='bbox 340 1626 415 1676; x_wconf 87' lang='lat' dir='ltr'><strong>neque</strong></span> <span class='ocrx_word' id='word_1_148' title='bbox 422 1611 522 1659; x_wconf 72' lang='lat' dir='ltr'><strong>nameus</strong></span> <span class='ocrx_word' id='word_1_149' title='bbox 532 1613 633 1675; x_wconf 82' lang='lat' dir='ltr'><strong>perlecta</strong></span> <span class='ocrx_word' id='word_1_150' title='bbox 642 1620 683 1660; x_wconf 85' lang='lat' dir='ltr'><strong>est</strong></span> <span class='ocrx_word' id='word_1_151' title='bbox 703 1613 753 1661; x_wconf 86' lang='lat' dir='ltr'><strong>Ita-</strong></span> <span class='ocrx_word' id='word_1_152' title='bbox 785 1611 858 1667; x_wconf 71' lang='lat' dir='ltr'><strong>uirtus</strong></span> <span class='ocrx_word' id='word_1_153' title='bbox 870 1620 912 1660; x_wconf 83' lang='lat' dir='ltr'><strong>aut</strong></span> <span class='ocrx_word' id='word_1_154' title='bbox 926 1612 1010 1660; x_wconf 87' lang='lat' dir='ltr'><strong>militia</strong></span> <span class='ocrx_word' id='word_1_155' title='bbox 1025 1613 1076 1674; x_wconf 86' lang='lat' dir='ltr'><strong>ipss</strong></span> <span class='ocrx_word' id='word_1_156' title='bbox 1092 1611 1210 1674; x_wconf 79' lang='lat' dir='ltr'><strong>loquiture</strong></span> <span class='ocrx_word' id='word_1_157' title='bbox 1231 1627 1303 1674; x_wconf 82' lang='lat' dir='ltr'><strong>quare</strong></span> 
     </span>
     <span class='ocr_line' id='line_1_19' title="bbox 235 1674 1303 1739; baseline 0 -17"><span class='ocrx_word' id='word_1_158' title='bbox 235 1691 284 1738; x_wconf 89' lang='lat' dir='ltr'><strong>que</strong></span> <span class='ocrx_word' id='word_1_159' title='bbox 304 1675 386 1724; x_wconf 78' lang='lat' dir='ltr'><strong>saltem</strong></span> <span class='ocrx_word' id='word_1_160' title='bbox 408 1677 550 1724; x_wconf 80' lang='lat' dir='ltr'><strong>emuultante</strong></span> <span class='ocrx_word' id='word_1_161' title='bbox 570 1677 754 1739; x_wconf 66' lang='lat' dir='ltr'><strong>legendumve]</strong></span> <span class='ocrx_word' id='word_1_162' title='bbox 785 1674 865 1733; x_wconf 76' lang='lat' dir='ltr'><strong>urite,</strong></span> <span class='ocrx_word' id='word_1_163' title='bbox 876 1677 968 1723; x_wconf 84' lang='lat' dir='ltr'><strong>adrem</strong></span> <span class='ocrx_word' id='word_1_164' title='bbox 981 1678 1109 1724; x_wconf 83' lang='lat' dir='ltr'><strong>militarem</strong></span> <span class='ocrx_word' id='word_1_165' title='bbox 1125 1677 1303 1735; x_wconf 78' lang='lat' dir='ltr'><strong>Romanamque</strong></span> 
     </span>
     <span class='ocr_line' id='line_1_20' title="bbox 237 1738 1303 1804; baseline -0.002 -16"><span class='ocrx_word' id='word_1_166' title='bbox 237 1741 427 1799; x_wconf 73' lang='lat' dir='ltr'><strong>comedentibus,</strong></span> <span class='ocrx_word' id='word_1_167' title='bbox 435 1738 498 1803; x_wconf 91' lang='lat' dir='ltr'><strong>quod</strong></span> <span class='ocrx_word' id='word_1_168' title='bbox 504 1740 752 1804; x_wconf 77' lang='lat' dir='ltr'><strong>propemsgisplacet3</strong></span> <span class='ocrx_word' id='word_1_169' title='bbox 785 1740 906 1786; x_wconf 82' lang='lat' dir='ltr'><strong>uirtutem.</strong></span> <span class='ocrx_word' id='word_1_170' title='bbox 939 1742 980 1799; x_wconf 77' lang='lat' dir='ltr'><strong>At,</strong></span> <span class='ocrx_word' id='word_1_171' title='bbox 996 1754 1011 1787; x_wconf 94' lang='lat' dir='ltr'><strong>o</strong></span> <span class='ocrx_word' id='word_1_172' title='bbox 1027 1741 1096 1797; x_wconf 84' lang='lat' dir='ltr'><strong>bone,</strong></span> <span class='ocrx_word' id='word_1_173' title='bbox 1111 1739 1153 1802; x_wconf 87' lang='lat' dir='ltr'><strong>qui</strong></span> <span class='ocrx_word' id='word_1_174' title='bbox 1168 1738 1303 1787; x_wconf 77' lang='lat' dir='ltr'><strong>adhortatur</strong></span> 
     </span>
     <span class='ocr_line' id='line_1_21' title="bbox 237 1801 1301 1866; baseline -0.002 -15"><span class='ocrx_word' id='word_1_175' title='bbox 237 1813 260 1851; x_wconf 86' lang='lat' dir='ltr'><strong>et</strong></span> <span class='ocrx_word' id='word_1_176' title='bbox 271 1813 322 1852; x_wconf 89' lang='lat' dir='ltr'><strong>tum</strong></span> <span class='ocrx_word' id='word_1_177' title='bbox 328 1806 440 1865; x_wconf 80' lang='lat' dir='ltr'><strong>permisit</strong></span> <span class='ocrx_word' id='word_1_178' title='bbox 451 1803 494 1852; x_wconf 89' lang='lat' dir='ltr'><strong>erit</strong></span> <span class='ocrx_word' id='word_1_179' title='bbox 509 1803 689 1866; x_wconf 86' lang='lat' dir='ltr'><strong>permittendum</strong></span> <span class='ocrx_word' id='word_1_180' title='bbox 700 1819 754 1853; x_wconf 85' lang='lat' dir='ltr'><strong>een-</strong></span> <span class='ocrx_word' id='word_1_181' title='bbox 785 1801 816 1848; x_wconf 83' lang='lat' dir='ltr'><strong>ud</strong></span> <span class='ocrx_word' id='word_1_182' title='bbox 834 1817 883 1850; x_wconf 87' lang='lat' dir='ltr'><strong>rem</strong></span> <span class='ocrx_word' id='word_1_183' title='bbox 899 1803 1024 1851; x_wconf 77' lang='lat' dir='ltr'><strong>militarem</strong></span> <span class='ocrx_word' id='word_1_184' title='bbox 1038 1804 1217 1866; x_wconf 81' lang='lat' dir='ltr'><strong>Romanamque</strong></span> <span class='ocrx_word' id='word_1_185' title='bbox 1227 1802 1301 1849; x_wconf 86' lang='lat' dir='ltr'><strong>virtu-</strong></span> 
     </span>
     <span class='ocr_line' id='line_1_22' title="bbox 236 1866 1303 1980; baseline -0.002 -2"><span class='ocrx_word' id='word_1_186' title='bbox 236 1867 753 1980; x_wconf 56' lang='lat' dir='ltr'><strong>:ititffll‘tliittittlttt</strong></span> <span class='ocrx_word' id='word_1_187' title='bbox 784 1866 1303 1979; x_wconf 50' lang='lat' dir='ltr'><strong>utilitatatem</strong></span> 
     </span>
    </p>

    <p class='ocr_par' dir='ltr' id='par_1_7' title="bbox 856 1963 865 1988">
     <span class='ocr_line' id='line_1_23' title="bbox 856 1963 865 1988; baseline 0 0"><span class='ocrx_word' id='word_1_188' title='bbox 856 1963 865 1988; x_wconf 66' lang='lat'><em>2</em></span> 
     </span>
    </p>

    <p class='ocr_par' dir='ltr' id='par_1_8' title="bbox 234 1992 1330 3336">
     <span class='ocr_line' id='line_1_24' title="bbox 236 1992 1303 2058; baseline -0.004 -14"><span class='ocrx_word' id='word_1_189' title='bbox 236 2004 302 2044; x_wconf 84' lang='lat' dir='ltr'><strong>esset</strong></span> <span class='ocrx_word' id='word_1_190' title='bbox 335 1995 435 2043; x_wconf 83' lang='lat' dir='ltr'><strong>(luihoe</strong></span> <span class='ocrx_word' id='word_1_191' title='bbox 449 2009 496 2042; x_wconf 89' lang='lat' dir='ltr'><strong>non</strong></span> <span class='ocrx_word' id='word_1_192' title='bbox 507 1995 590 2058; x_wconf 79' lang='lat' dir='ltr'><strong>pluoet,</strong></span> <span class='ocrx_word' id='word_1_193' title='bbox 605 1995 753 2056; x_wconf 82' lang='lat' dir='ltr'><strong>poteriteunr</strong></span> <span class='ocrx_word' id='word_1_194' title='bbox 770 1992 963 2055; x_wconf 83' lang='lat' dir='ltr'><strong>-Romanamque</strong></span> <span class='ocrx_word' id='word_1_195' title='bbox 980 1997 1099 2050; x_wconf 82' lang='lat' dir='ltr'><strong>virtatem,</strong></span> <span class='ocrx_word' id='word_1_196' title='bbox 1119 2002 1160 2040; x_wconf 89' lang='lat' dir='ltr'><strong>aut</strong></span> <span class='ocrx_word' id='word_1_197' title='bbox 1173 1994 1247 2041; x_wconf 75' lang='lat' dir='ltr'><strong>saeue</strong></span> <span class='ocrx_word' id='word_1_198' title='bbox 1265 1993 1303 2042; x_wconf 81' lang='lat' dir='ltr'><strong>sel</strong></span> 
     </span>
     <span class='ocr_line' id='line_1_25' title="bbox 237 2056 1302 2116; baseline -0.006 -10"><span class='ocrx_word' id='word_1_199' title='bbox 237 2058 353 2116; x_wconf 74' lang='lat' dir='ltr'><strong>Acidalio,</strong></span> <span class='ocrx_word' id='word_1_200' title='bbox 364 2067 529 2106; x_wconf 77' lang='lat' dir='ltr'><strong>commemorat</strong></span> <span class='ocrx_word' id='word_1_201' title='bbox 539 2065 677 2104; x_wconf 71' lang='lat' dir='ltr'><strong>vasantem</strong></span> <span class='ocrx_word' id='word_1_202' title='bbox 684 2061 754 2116; x_wconf 68' lang='lat' dir='ltr'><strong>anim.</strong></span> <span class='ocrx_word' id='word_1_203' title='bbox 786 2056 882 2102; x_wconf 74' lang='lat' dir='ltr'><strong>seribm</strong></span> <span class='ocrx_word' id='word_1_204' title='bbox 892 2059 1047 2103; x_wconf 72' lang='lat' dir='ltr'><strong>temtationem</strong></span> <span class='ocrx_word' id='word_1_205' title='bbox 1054 2061 1091 2103; x_wconf 85' lang='lat' dir='ltr'><strong>rei</strong></span> <span class='ocrx_word' id='word_1_206' title='bbox 1101 2059 1214 2105; x_wconf 72' lang='lat' dir='ltr'><strong>mittaris</strong></span> <span class='ocrx_word' id='word_1_207' title='bbox 1221 2064 1244 2105; x_wconf 87' lang='lat' dir='ltr'><strong>et</strong></span> <span class='ocrx_word' id='word_1_208' title='bbox 1252 2059 1302 2106; x_wconf 84' lang='lat' dir='ltr'><strong>Ro.</strong></span> 
     </span>
     <span class='ocr_line' id='line_1_26' title="bbox 236 2119 1303 2184; baseline 0.001 -16"><span class='ocrx_word' id='word_1_209' title='bbox 236 2120 583 2184; x_wconf 77' lang='lat' dir='ltr'><strong>quitsmennltimaetiumsie</strong></span> <span class='ocrx_word' id='word_1_210' title='bbox 595 2121 700 2169; x_wconf 73' lang='lat' dir='ltr'><strong>ordinate</strong></span> <span class='ocrx_word' id='word_1_211' title='bbox 718 2136 753 2168; x_wconf 86' lang='lat' dir='ltr'><strong>se.</strong></span> <span class='ocrx_word' id='word_1_212' title='bbox 786 2121 979 2169; x_wconf 77' lang='lat' dir='ltr'><strong>nmnoeairtutis.</strong></span> <span class='ocrx_word' id='word_1_213' title='bbox 1013 2119 1080 2178; x_wconf 87' lang='lat' dir='ltr'><strong>Quid</strong></span> <span class='ocrx_word' id='word_1_214' title='bbox 1089 2120 1140 2184; x_wconf 87' lang='lat' dir='ltr'><strong>ipso</strong></span> <span class='ocrx_word' id='word_1_215' title='bbox 1154 2120 1183 2168; x_wconf 92' lang='lat' dir='ltr'><strong>de</strong></span> <span class='ocrx_word' id='word_1_216' title='bbox 1193 2120 1303 2169; x_wconf 77' lang='lat' dir='ltr'><strong>(lieerom</strong></span> 
     </span>
     <span class='ocr_line' id='line_1_27' title="bbox 236 2181 1303 2246; baseline -0.001 -13"><span class='ocrx_word' id='word_1_217' title='bbox 236 2193 291 2234; x_wconf 87' lang='lat' dir='ltr'><strong>eata</strong></span> <span class='ocrx_word' id='word_1_218' title='bbox 304 2192 359 2233; x_wconf 86' lang='lat' dir='ltr'><strong>sunt</strong></span> <span class='ocrx_word' id='word_1_219' title='bbox 377 2187 472 2234; x_wconf 83' lang='lat' dir='ltr'><strong>Claudii</strong></span> <span class='ocrx_word' id='word_1_220' title='bbox 482 2186 552 2234; x_wconf 84' lang='lat' dir='ltr'><strong>uerba</strong></span> <span class='ocrx_word' id='word_1_221' title='bbox 562 2187 589 2232; x_wconf 87' lang='lat' dir='ltr'><strong>in</strong></span> <span class='ocrx_word' id='word_1_222' title='bbox 599 2186 695 2234; x_wconf 68' lang='lat' dir='ltr'><strong>eanum</strong></span> <span class='ocrx_word' id='word_1_223' title='bbox 709 2187 754 2232; x_wconf 86' lang='lat' dir='ltr'><strong>ele-</strong></span> <span class='ocrx_word' id='word_1_224' title='bbox 785 2181 882 2231; x_wconf 72' lang='lat' dir='ltr'><strong>dimin?</strong></span> <span class='ocrx_word' id='word_1_225' title='bbox 898 2183 928 2231; x_wconf 85' lang='lat' dir='ltr'><strong>sd</strong></span> <span class='ocrx_word' id='word_1_226' title='bbox 938 2183 991 2231; x_wconf 81' lang='lat' dir='ltr'><strong>Are</strong></span> <span class='ocrx_word' id='word_1_227' title='bbox 1005 2184 1029 2243; x_wconf 82' lang='lat'><strong>7,</strong></span> <span class='ocrx_word' id='word_1_228' title='bbox 1039 2185 1077 2230; x_wconf 82' lang='grc'><strong>14.</strong></span> <span class='ocrx_word' id='word_1_229' title='bbox 1109 2185 1198 2232; x_wconf 74' lang='lat' dir='ltr'><strong>Panem</strong></span> <span class='ocrx_word' id='word_1_230' title='bbox 1209 2186 1303 2246; x_wconf 80' lang='lat' dir='ltr'><strong>quidem</strong></span> 
     </span>
     <span class='ocr_line' id='line_1_28' title="bbox 237 2246 1303 2307; baseline 0 -10"><span class='ocrx_word' id='word_1_231' title='bbox 237 2252 367 2307; x_wconf 67' lang='lat' dir='ltr'><strong>nuntiam</strong></span> <span class='ocrx_word' id='word_1_232' title='bbox 390 2256 413 2296; x_wconf 85' lang='lat' dir='ltr'><strong>et</strong></span> <span class='ocrx_word' id='word_1_233' title='bbox 432 2250 531 2298; x_wconf 82' lang='lat' dir='ltr'><strong>liberum</strong></span> <span class='ocrx_word' id='word_1_234' title='bbox 548 2250 571 2296; x_wconf 86' lang='lat' dir='ltr'><strong>ei</strong></span> <span class='ocrx_word' id='word_1_235' title='bbox 587 2251 671 2296; x_wconf 86' lang='lat' dir='ltr'><strong>mortis</strong></span> <span class='ocrx_word' id='word_1_236' title='bbox 690 2251 754 2296; x_wconf 84' lang='lat' dir='ltr'><strong>arli-</strong></span> <span class='ocrx_word' id='word_1_237' title='bbox 784 2246 880 2294; x_wconf 75' lang='lat' dir='ltr'><strong>temari</strong></span> <span class='ocrx_word' id='word_1_238' title='bbox 898 2263 944 2294; x_wconf 85' lang='lat' dir='ltr'><strong>uon</strong></span> <span class='ocrx_word' id='word_1_239' title='bbox 963 2249 1050 2295; x_wconf 60' lang='lat' dir='ltr'><strong>Mna.</strong></span> <span class='ocrx_word' id='word_1_240' title='bbox 1086 2247 1125 2296; x_wconf 87' lang='lat' dir='ltr'><strong>Sie</strong></span> <span class='ocrx_word' id='word_1_241' title='bbox 1140 2259 1200 2296; x_wconf 82' lang='lat' dir='ltr'><strong>certe</strong></span> <span class='ocrx_word' id='word_1_242' title='bbox 1215 2247 1303 2297; x_wconf 78' lang='lat' dir='ltr'><strong>lectum</strong></span> 
     </span>
     <span class='ocr_line' id='line_1_29' title="bbox 234 2310 1302 2376; baseline 0 -15"><span class='ocrx_word' id='word_1_243' title='bbox 234 2317 312 2362; x_wconf 83' lang='lat' dir='ltr'><strong>trium</strong></span> <span class='ocrx_word' id='word_1_244' title='bbox 318 2315 448 2376; x_wconf 73' lang='lat' dir='ltr'><strong>permistis</strong></span> <span class='ocrx_word' id='word_1_245' title='bbox 464 2327 494 2361; x_wconf 84' lang='lat' dir='ltr'><strong>err</strong></span> <span class='ocrx_word' id='word_1_246' title='bbox 505 2327 621 2376; x_wconf 83' lang='lat' dir='ltr'><strong>quonovs</strong></span> <span class='ocrx_word' id='word_1_247' title='bbox 630 2312 753 2362; x_wconf 80' lang='lat' dir='ltr'><strong>difflnrltas</strong></span> <span class='ocrx_word' id='word_1_248' title='bbox 784 2310 857 2358; x_wconf 81' lang='lat' dir='ltr'><strong>olim:</strong></span> <span class='ocrx_word' id='word_1_249' title='bbox 875 2311 973 2359; x_wconf 80' lang='lat' dir='ltr'><strong>etaiam</strong></span> <span class='ocrx_word' id='word_1_250' title='bbox 982 2311 1038 2359; x_wconf 86' lang='lat' dir='ltr'><strong>MS.</strong></span> <span class='ocrx_word' id='word_1_251' title='bbox 1049 2321 1084 2360; x_wconf 85' lang='lat' dir='ltr'><strong>est</strong></span> <span class='ocrx_word' id='word_1_252' title='bbox 1094 2312 1302 2361; x_wconf 69' lang='lat' dir='ltr'><strong>Helmaestadiensi.</strong></span> 
     </span>
     <span class='ocr_line' id='line_1_30' title="bbox 236 2373 1304 2442; baseline -0.001 -16"><span class='ocrx_word' id='word_1_253' title='bbox 236 2378 316 2426; x_wconf 81' lang='lat' dir='ltr'><strong>oritur.</strong></span> <span class='ocrx_word' id='word_1_254' title='bbox 350 2375 435 2440; x_wconf 87' lang='lat' dir='ltr'><strong>Neque</strong></span> <span class='ocrx_word' id='word_1_255' title='bbox 449 2376 512 2425; x_wconf 84' lang='lat' dir='ltr'><strong>enim</strong></span> <span class='ocrx_word' id='word_1_256' title='bbox 525 2376 753 2442; x_wconf 85' lang='lat' dir='ltr'><strong>apperet,quidVi-</strong></span> <span class='ocrx_word' id='word_1_257' title='bbox 786 2373 963 2435; x_wconf 73' lang='lat' dir='ltr'><strong>Quaererem,</strong></span> <span class='ocrx_word' id='word_1_258' title='bbox 972 2376 1057 2439; x_wconf 87' lang='lat' dir='ltr'><strong>quibus</strong></span> <span class='ocrx_word' id='word_1_259' title='bbox 1068 2376 1142 2425; x_wconf 88' lang='lat' dir='ltr'><strong>MSS.</strong></span> <span class='ocrx_word' id='word_1_260' title='bbox 1149 2375 1304 2440; x_wconf 86' lang='lat' dir='ltr'><strong>pluriumoo·</strong></span> 
     </span>
     <span class='ocr_line' id='line_1_31' title="bbox 235 2438 1304 2504; baseline -0.001 -13"><span class='ocrx_word' id='word_1_261' title='bbox 235 2441 313 2491; x_wconf 81' lang='lat' dir='ltr'><strong>tellius</strong></span> <span class='ocrx_word' id='word_1_262' title='bbox 334 2440 440 2501; x_wconf 82' lang='lat' dir='ltr'><strong>voluerit,</strong></span> <span class='ocrx_word' id='word_1_263' title='bbox 456 2449 480 2490; x_wconf 89' lang='lat' dir='ltr'><strong>et</strong></span> <span class='ocrx_word' id='word_1_264' title='bbox 512 2441 613 2489; x_wconf 64' lang='lat' dir='ltr'><strong>nomam</strong></span> <span class='ocrx_word' id='word_1_265' title='bbox 628 2441 754 2491; x_wconf 81' lang='lat' dir='ltr'><strong>absolutio·</strong></span> <span class='ocrx_word' id='word_1_266' title='bbox 803 2438 825 2487; x_wconf 83' lang='lat' dir='ltr'><strong>&#39;a</strong></span> <span class='ocrx_word' id='word_1_267' title='bbox 840 2438 894 2500; x_wconf 72' lang='lat' dir='ltr'><strong>tuit,</strong></span> <span class='ocrx_word' id='word_1_268' title='bbox 905 2454 953 2487; x_wconf 91' lang='lat' dir='ltr'><strong>non</strong></span> <span class='ocrx_word' id='word_1_269' title='bbox 969 2448 1018 2489; x_wconf 83' lang='lat' dir='ltr'><strong>tun</strong></span> <span class='ocrx_word' id='word_1_270' title='bbox 1031 2439 1173 2504; x_wconf 77' lang='lat' dir='ltr'><strong>negligentes</strong></span> <span class='ocrx_word' id='word_1_271' title='bbox 1189 2440 1304 2490; x_wconf 68' lang='lat' dir='ltr'><strong>ausisse</strong></span> 
     </span>
     <span class='ocr_line' id='line_1_32' title="bbox 237 2451 1302 2569; baseline -0.001 -16"><span class='ocrx_word' id='word_1_272' title='bbox 237 2521 291 2554; x_wconf 87' lang='lat' dir='ltr'><strong>nem</strong></span> <span class='ocrx_word' id='word_1_273' title='bbox 301 2506 440 2569; x_wconf 86' lang='lat' dir='ltr'><strong>impedierit,</strong></span> <span class='ocrx_word' id='word_1_274' title='bbox 451 2521 484 2569; x_wconf 92' lang='lat' dir='ltr'><strong>qu</strong></span> <span class='ocrx_word' id='word_1_275' title='bbox 525 2520 581 2553; x_wconf 78' lang='lat' dir='ltr'><strong>sane</strong></span> <span class='ocrx_word' id='word_1_276' title='bbox 596 2520 639 2553; x_wconf 84' lang='lat' dir='ltr'><strong>net</strong></span> <span class='ocrx_word' id='word_1_277' title='bbox 652 2504 753 2555; x_wconf 78' lang='lat' dir='ltr'><strong>latibula</strong></span> <span class='ocrx_word' id='word_1_278' title='bbox 785 2451 850 2551; x_wconf 70' lang='lat' dir='ltr'><strong>bium</strong></span> <span class='ocrx_word' id='word_1_279' title='bbox 859 2505 945 2564; x_wconf 82' lang='lat' dir='ltr'><strong>locum,</strong></span> <span class='ocrx_word' id='word_1_280' title='bbox 956 2514 980 2553; x_wconf 88' lang='lat' dir='ltr'><strong>et</strong></span> <span class='ocrx_word' id='word_1_281' title='bbox 988 2506 1057 2553; x_wconf 80' lang='lat' dir='ltr'><strong>verbo</strong></span> <span class='ocrx_word' id='word_1_282' title='bbox 1067 2505 1178 2567; x_wconf 81' lang='lat' dir='ltr'><strong>attigisse,</strong></span> <span class='ocrx_word' id='word_1_283' title='bbox 1187 2505 1302 2569; x_wconf 84' lang='lat' dir='ltr'><strong>qualidu-</strong></span> 
     </span>
     <span class='ocr_line' id='line_1_33' title="bbox 234 2567 1304 2634; baseline -0.001 -17"><span class='ocrx_word' id='word_1_284' title='bbox 234 2585 278 2618; x_wconf 88' lang='lat' dir='ltr'><strong>nee</strong></span> <span class='ocrx_word' id='word_1_285' title='bbox 286 2570 420 2618; x_wconf 83' lang='lat' dir='ltr'><strong>meritorum</strong></span> <span class='ocrx_word' id='word_1_286' title='bbox 427 2570 642 2618; x_wconf 87' lang='lat' dir='ltr'><strong>eommemorstione</strong></span> <span class='ocrx_word' id='word_1_287' title='bbox 652 2568 701 2617; x_wconf 85' lang='lat' dir='ltr'><strong>lieri</strong></span> <span class='ocrx_word' id='word_1_288' title='bbox 711 2585 754 2634; x_wconf 87' lang='lat' dir='ltr'><strong>po-</strong></span> <span class='ocrx_word' id='word_1_289' title='bbox 785 2567 822 2615; x_wconf 81' lang='lat' dir='ltr'><strong>eis</strong></span> <span class='ocrx_word' id='word_1_290' title='bbox 829 2569 979 2629; x_wconf 73' lang='lat' dir='ltr'><strong>mbjeoerintz</strong></span> <span class='ocrx_word' id='word_1_291' title='bbox 993 2570 1110 2631; x_wconf 82' lang='lat' dir='ltr'><strong>Equidem</strong></span> <span class='ocrx_word' id='word_1_292' title='bbox 1117 2571 1149 2616; x_wconf 81' lang='lat' dir='ltr'><strong>ad</strong></span> <span class='ocrx_word' id='word_1_293' title='bbox 1154 2584 1238 2630; x_wconf 82' lang='lat' dir='ltr'><strong>paoem</strong></span> <span class='ocrx_word' id='word_1_294' title='bbox 1248 2570 1304 2616; x_wconf 83' lang='lat' dir='ltr'><strong>ier-</strong></span> 
     </span>
     <span class='ocr_line' id='line_1_34' title="bbox 234 2632 1330 2699; baseline 0.001 -19"><span class='ocrx_word' id='word_1_295' title='bbox 234 2634 289 2681; x_wconf 84' lang='lat' dir='ltr'><strong>tuit.</strong></span> <span class='ocrx_word' id='word_1_296' title='bbox 315 2634 367 2681; x_wconf 86' lang='lat' dir='ltr'><strong>Nec</strong></span> <span class='ocrx_word' id='word_1_297' title='bbox 378 2634 404 2681; x_wconf 84' lang='lat' dir='ltr'><strong>ei</strong></span> <span class='ocrx_word' id='word_1_298' title='bbox 422 2634 455 2681; x_wconf 86' lang='lat' dir='ltr'><strong>rei</strong></span> <span class='ocrx_word' id='word_1_299' title='bbox 471 2633 610 2682; x_wconf 74' lang='lat' dir='ltr'><strong>morutium</strong></span> <span class='ocrx_word' id='word_1_300' title='bbox 627 2634 753 2697; x_wconf 65' lang='lat' dir='ltr'><strong>oequentiu</strong></span> <span class='ocrx_word' id='word_1_301' title='bbox 786 2634 836 2679; x_wconf 81' lang='lat' dir='ltr'><strong>tart</strong></span> <span class='ocrx_word' id='word_1_302' title='bbox 846 2647 893 2679; x_wconf 86' lang='lat' dir='ltr'><strong>non</strong></span> <span class='ocrx_word' id='word_1_303' title='bbox 904 2635 990 2680; x_wconf 65' lang='lat' dir='ltr'><strong>meino.</strong></span> <span class='ocrx_word' id='word_1_304' title='bbox 1023 2634 1088 2681; x_wconf 81' lang='lat' dir='ltr'><strong>Nam</strong></span> <span class='ocrx_word' id='word_1_305' title='bbox 1099 2639 1122 2680; x_wconf 89' lang='lat' dir='ltr'><strong>et</strong></span> <span class='ocrx_word' id='word_1_306' title='bbox 1132 2633 1165 2681; x_wconf 87' lang='lat' dir='ltr'><strong>sie</strong></span> <span class='ocrx_word' id='word_1_307' title='bbox 1175 2632 1301 2694; x_wconf 66' lang='lat' dir='ltr'><strong>admeti,</strong></span> <span class='ocrx_word' id='word_1_308' title='bbox 1326 2694 1330 2699; x_wconf 77' lang='lat'><em>‚</em></span> 
     </span>
     <span class='ocr_line' id='line_1_35' title="bbox 236 2695 1304 2761; baseline 0.001 -17"><span class='ocrx_word' id='word_1_309' title='bbox 236 2713 290 2759; x_wconf 76' lang='lat' dir='ltr'><strong>qua</strong></span> <span class='ocrx_word' id='word_1_310' title='bbox 309 2706 418 2761; x_wconf 72' lang='lat' dir='ltr'><strong>arguunt.</strong></span> <span class='ocrx_word' id='word_1_311' title='bbox 441 2696 534 2745; x_wconf 79' lang='lat' dir='ltr'><strong>duriore</strong></span> <span class='ocrx_word' id='word_1_312' title='bbox 560 2697 654 2745; x_wconf 79' lang='lat' dir='ltr'><strong>oonsilio</strong></span> <span class='ocrx_word' id='word_1_313' title='bbox 676 2697 754 2747; x_wconf 77' lang='lat' dir='ltr'><strong>titisse.</strong></span> <span class='ocrx_word' id='word_1_314' title='bbox 786 2695 809 2741; x_wconf 81' lang='lat'><em>2</em></span> <span class='ocrx_word' id='word_1_315' title='bbox 816 2702 899 2758; x_wconf 80' lang='lat' dir='ltr'><strong>partes</strong></span> <span class='ocrx_word' id='word_1_316' title='bbox 915 2699 985 2745; x_wconf 75' lang='lat' dir='ltr'><strong>istim</strong></span> <span class='ocrx_word' id='word_1_317' title='bbox 997 2699 1067 2759; x_wconf 80' lang='lat' dir='ltr'><strong>offleii</strong></span> <span class='ocrx_word' id='word_1_318' title='bbox 1081 2704 1137 2744; x_wconf 87' lang='lat' dir='ltr'><strong>sunt</strong></span> <span class='ocrx_word' id='word_1_319' title='bbox 1144 2698 1218 2759; x_wconf 76' lang='lat' dir='ltr'><strong>pueri</strong></span> <span class='ocrx_word' id='word_1_320' title='bbox 1235 2698 1304 2745; x_wconf 77' lang='lat' dir='ltr'><strong>Cieo-</strong></span> 
     </span>
     <span class='ocr_line' id='line_1_36' title="bbox 235 2760 1303 2824; baseline 0.005 -20"><span class='ocrx_word' id='word_1_321' title='bbox 235 2762 358 2820; x_wconf 80' lang='lat' dir='ltr'><strong>Quorsum</strong></span> <span class='ocrx_word' id='word_1_322' title='bbox 373 2761 435 2809; x_wconf 72' lang='lat' dir='ltr'><strong>mrim</strong></span> <span class='ocrx_word' id='word_1_323' title='bbox 446 2760 532 2809; x_wconf 63' lang='grc' dir='ltr'><strong>θωπί</strong></span> <span class='ocrx_word' id='word_1_324' title='bbox 544 2776 603 2823; x_wconf 70' lang='lat' dir='ltr'><strong>opus</strong></span> <span class='ocrx_word' id='word_1_325' title='bbox 614 2761 643 2809; x_wconf 83' lang='lat' dir='ltr'><strong>de</strong></span> <span class='ocrx_word' id='word_1_326' title='bbox 653 2761 754 2810; x_wconf 70' lang='lat' dir='ltr'><strong>clunen-</strong></span> <span class='ocrx_word' id='word_1_327' title='bbox 774 2762 860 2819; x_wconf 56' lang='lat' dir='ltr'><strong>‚rotila</strong></span> <span class='ocrx_word' id='word_1_328' title='bbox 874 2762 925 2808; x_wconf 81' lang='lat' dir='ltr'><strong>slve</strong></span> <span class='ocrx_word' id='word_1_329' title='bbox 932 2764 988 2823; x_wconf 84' lang='lat' dir='ltr'><strong>jam</strong></span> <span class='ocrx_word' id='word_1_330' title='bbox 998 2762 1162 2819; x_wconf 74' lang='lat' dir='ltr'><strong>atokscentis3</strong></span> <span class='ocrx_word' id='word_1_331' title='bbox 1179 2762 1240 2821; x_wconf 79' lang='lat' dir='ltr'><strong>quod</strong></span> <span class='ocrx_word' id='word_1_332' title='bbox 1250 2764 1303 2824; x_wconf 77' lang='lat' dir='ltr'><strong>qui·</strong></span> 
     </span>
     <span class='ocr_line' id='line_1_37' title="bbox 236 2824 1303 2885; baseline -0.001 -12"><span class='ocrx_word' id='word_1_333' title='bbox 236 2826 269 2872; x_wconf 82' lang='lat' dir='ltr'><strong>tiu</strong></span> <span class='ocrx_word' id='word_1_334' title='bbox 279 2826 362 2885; x_wconf 84' lang='lat' dir='ltr'><strong>dicere,</strong></span> <span class='ocrx_word' id='word_1_335' title='bbox 373 2826 392 2873; x_wconf 91' lang='lat' dir='ltr'><strong>si</strong></span> <span class='ocrx_word' id='word_1_336' title='bbox 406 2825 435 2873; x_wconf 86' lang='lat' dir='ltr'><strong>de</strong></span> <span class='ocrx_word' id='word_1_337' title='bbox 445 2824 587 2874; x_wconf 81' lang='lat' dir='ltr'><strong>absolutione</strong></span> <span class='ocrx_word' id='word_1_338' title='bbox 597 2834 675 2873; x_wconf 84' lang='lat' dir='ltr'><strong>aetmn</strong></span> <span class='ocrx_word' id='word_1_339' title='bbox 686 2826 753 2874; x_wconf 71' lang='lat' dir='ltr'><strong>mat?</strong></span> <span class='ocrx_word' id='word_1_340' title='bbox 786 2824 839 2870; x_wconf 79' lang='lat' dir='ltr'><strong>darn</strong></span> <span class='ocrx_word' id='word_1_341' title='bbox 850 2824 918 2871; x_wconf 69' lang='lat' dir='ltr'><strong>luam</strong></span> <span class='ocrx_word' id='word_1_342' title='bbox 928 2827 987 2872; x_wconf 89' lang='lat' dir='ltr'><strong>soleo</strong></span> <span class='ocrx_word' id='word_1_343' title='bbox 997 2825 1096 2873; x_wconf 71' lang='lat' dir='ltr'><strong>tonant</strong></span> <span class='ocrx_word' id='word_1_344' title='bbox 1130 2825 1164 2873; x_wconf 80' lang='lat' dir='ltr'><strong>Et</strong></span> <span class='ocrx_word' id='word_1_345' title='bbox 1174 2824 1204 2872; x_wconf 85' lang='lat' dir='ltr'><strong>ad</strong></span> <span class='ocrx_word' id='word_1_346' title='bbox 1213 2825 1244 2883; x_wconf 87' lang='lat' dir='ltr'><strong>Q.</strong></span> <span class='ocrx_word' id='word_1_347' title='bbox 1256 2825 1303 2873; x_wconf 81' lang='lat' dir='ltr'><strong>fra-</strong></span> 
     </span>
     <span class='ocr_line' id='line_1_38' title="bbox 236 2887 1301 2953; baseline 0.001 -16"><span class='ocrx_word' id='word_1_348' title='bbox 236 2889 288 2947; x_wconf 87' lang='lat' dir='ltr'><strong>An,</strong></span> <span class='ocrx_word' id='word_1_349' title='bbox 302 2889 359 2953; x_wconf 80' lang='lat' dir='ltr'><strong>qnia</strong></span> <span class='ocrx_word' id='word_1_350' title='bbox 374 2888 534 2950; x_wconf 83' lang='lat' dir='ltr'><strong>antedictum,</strong></span> <span class='ocrx_word' id='word_1_351' title='bbox 546 2897 688 2937; x_wconf 86' lang='lat' dir='ltr'><strong>eommotum</strong></span> <span class='ocrx_word' id='word_1_352' title='bbox 702 2890 754 2939; x_wconf 74' lang='lat' dir='ltr'><strong>Gu-</strong></span> <span class='ocrx_word' id='word_1_353' title='bbox 786 2894 845 2934; x_wconf 85' lang='lat' dir='ltr'><strong>trern</strong></span> <span class='ocrx_word' id='word_1_354' title='bbox 858 2887 881 2948; x_wconf 90' lang='lat' dir='ltr'><strong>l,</strong></span> <span class='ocrx_word' id='word_1_355' title='bbox 890 2889 911 2936; x_wconf 89' lang='lat'><strong>1.</strong></span> <span class='ocrx_word' id='word_1_356' title='bbox 945 2891 992 2937; x_wconf 75' lang='lat' dir='ltr'><strong>Seri</strong></span> <span class='ocrx_word' id='word_1_357' title='bbox 1002 2891 1059 2950; x_wconf 84' lang='lat' dir='ltr'><strong>quit</strong></span> <span class='ocrx_word' id='word_1_358' title='bbox 1068 2902 1111 2951; x_wconf 85' lang='lat' dir='ltr'><strong>ego</strong></span> <span class='ocrx_word' id='word_1_359' title='bbox 1121 2894 1144 2935; x_wconf 87' lang='lat' dir='ltr'><strong>te</strong></span> <span class='ocrx_word' id='word_1_360' title='bbox 1153 2890 1202 2936; x_wconf 82' lang='lat' dir='ltr'><strong>liaet·</strong></span> <span class='ocrx_word' id='word_1_361' title='bbox 1211 2890 1301 2947; x_wconf 79' lang='lat' dir='ltr'><strong>bertar,</strong></span> 
     </span>
     <span class='ocr_line' id='line_1_39' title="bbox 236 2952 1302 3015; baseline -0.004 -14"><span class='ocrx_word' id='word_1_362' title='bbox 236 2968 311 3001; x_wconf 84' lang='lat' dir='ltr'><strong>sarem</strong></span> <span class='ocrx_word' id='word_1_363' title='bbox 332 2952 411 3012; x_wconf 83' lang='lat' dir='ltr'><strong>fuisse,</strong></span> <span class='ocrx_word' id='word_1_364' title='bbox 431 2960 543 3015; x_wconf 76' lang='lat' dir='ltr'><strong>putamur</strong></span> <span class='ocrx_word' id='word_1_365' title='bbox 559 2952 653 3007; x_wconf 75' lang='lat' dir='ltr'><strong>librarii,</strong></span> <span class='ocrx_word' id='word_1_366' title='bbox 671 2955 752 3001; x_wconf 83' lang='lat' dir='ltr'><strong>eande-</strong></span> <span class='ocrx_word' id='word_1_367' title='bbox 786 2966 837 3012; x_wconf 83' lang='lat' dir='ltr'><strong>qua</strong></span> <span class='ocrx_word' id='word_1_368' title='bbox 847 2958 876 2999; x_wconf 86' lang='lat' dir='ltr'><strong>tu</strong></span> <span class='ocrx_word' id='word_1_369' title='bbox 879 2952 963 3015; x_wconf 83' lang='lat' dir='ltr'><strong>faeere</strong></span> <span class='ocrx_word' id='word_1_370' title='bbox 968 2959 1086 3015; x_wconf 75' lang='lat' dir='ltr'><strong>potestus</strong></span> <span class='ocrx_word' id='word_1_371' title='bbox 1096 2954 1198 3015; x_wconf 69' lang='lat' dir='ltr'><strong>epona?</strong></span> <span class='ocrx_word' id='word_1_372' title='bbox 1210 2952 1302 3002; x_wconf 75' lang='lat' dir='ltr'><strong>Grion.</strong></span> 
     </span>
     <span class='ocr_line' id='line_1_40' title="bbox 236 3015 1301 3078; baseline 0.003 -14"><span class='ocrx_word' id='word_1_373' title='bbox 236 3019 378 3065; x_wconf 77' lang='lat' dir='ltr'><strong>mnatiomm</strong></span> <span class='ocrx_word' id='word_1_374' title='bbox 386 3032 435 3065; x_wconf 85' lang='lat' dir='ltr'><strong>esse</strong></span> <span class='ocrx_word' id='word_1_375' title='bbox 444 3016 553 3077; x_wconf 77' lang='lat' dir='ltr'><strong>alienun,</strong></span> <span class='ocrx_word' id='word_1_376' title='bbox 563 3025 607 3065; x_wconf 89' lang='lat' dir='ltr'><strong>ete</strong></span> <span class='ocrx_word' id='word_1_377' title='bbox 617 3017 754 3065; x_wconf 62' lang='lat' dir='ltr'><strong>emmenno-</strong></span> <span class='ocrx_word' id='word_1_378' title='bbox 825 3016 914 3065; x_wconf 69' lang='lat' dir='ltr'><strong>lemn</strong></span> <span class='ocrx_word' id='word_1_379' title='bbox 932 3015 1034 3077; x_wconf 69' lang='lat' dir='ltr'><strong>emtum]</strong></span> <span class='ocrx_word' id='word_1_380' title='bbox 1058 3017 1146 3065; x_wconf 78' lang='lat' dir='ltr'><strong>Lenem</strong></span> <span class='ocrx_word' id='word_1_381' title='bbox 1166 3016 1204 3065; x_wconf 83' lang='lat' dir='ltr'><strong>ed.</strong></span> <span class='ocrx_word' id='word_1_382' title='bbox 1227 3017 1301 3078; x_wconf 79' lang='lat' dir='ltr'><strong>print·</strong></span> 
     </span>
     <span class='ocr_line' id='line_1_41' title="bbox 236 3078 1303 3144; baseline -0.001 -16"><span class='ocrx_word' id='word_1_383' title='bbox 236 3084 298 3128; x_wconf 86' lang='lat' dir='ltr'><strong>tione</strong></span> <span class='ocrx_word' id='word_1_384' title='bbox 306 3081 343 3129; x_wconf 86' lang='lat' dir='ltr'><strong>rel</strong></span> <span class='ocrx_word' id='word_1_385' title='bbox 353 3082 500 3129; x_wconf 74' lang='lat' dir='ltr'><strong>tammam</strong></span> <span class='ocrx_word' id='word_1_386' title='bbox 507 3080 581 3129; x_wconf 78' lang='lat' dir='ltr'><strong>fetere</strong></span> <span class='ocrx_word' id='word_1_387' title='bbox 591 3082 752 3129; x_wconf 66' lang='lat' dir='ltr'><strong>absolutiones</strong></span> <span class='ocrx_word' id='word_1_388' title='bbox 786 3078 879 3127; x_wconf 81' lang='lat' dir='ltr'><strong>Puteal.</strong></span> <span class='ocrx_word' id='word_1_389' title='bbox 890 3080 945 3129; x_wconf 77' lang='lat' dir='ltr'><strong>niv.</strong></span> <span class='ocrx_word' id='word_1_390' title='bbox 958 3080 1032 3129; x_wconf 63' lang='lat' dir='ltr'><strong>aldis</strong></span> <span class='ocrx_word' id='word_1_391' title='bbox 1044 3080 1109 3139; x_wconf 86' lang='lat' dir='ltr'><strong>vitio,</strong></span> <span class='ocrx_word' id='word_1_392' title='bbox 1116 3087 1143 3128; x_wconf 88' lang='lat' dir='ltr'><strong>ut</strong></span> <span class='ocrx_word' id='word_1_393' title='bbox 1149 3081 1239 3144; x_wconf 87' lang='lat' dir='ltr'><strong>opinor,</strong></span> <span class='ocrx_word' id='word_1_394' title='bbox 1248 3095 1303 3144; x_wconf 84' lang='lat' dir='ltr'><strong>ope-</strong></span> 
     </span>
     <span class='ocr_line' id='line_1_42' title="bbox 236 3143 1301 3209; baseline 0 -16"><span class='ocrx_word' id='word_1_395' title='bbox 236 3145 278 3193; x_wconf 87' lang='lat' dir='ltr'><strong>Sin</strong></span> <span class='ocrx_word' id='word_1_396' title='bbox 288 3144 424 3193; x_wconf 76' lang='lat' dir='ltr'><strong>baudarius</strong></span> <span class='ocrx_word' id='word_1_397' title='bbox 434 3153 475 3205; x_wconf 87' lang='lat' dir='ltr'><strong>est,</strong></span> <span class='ocrx_word' id='word_1_398' title='bbox 485 3144 557 3207; x_wconf 87' lang='lat' dir='ltr'><strong>possis</strong></span> <span class='ocrx_word' id='word_1_399' title='bbox 567 3145 678 3207; x_wconf 82' lang='lat' dir='ltr'><strong>oonjicere</strong></span> <span class='ocrx_word' id='word_1_400' title='bbox 685 3158 753 3193; x_wconf 83' lang='lat' dir='ltr'><strong>aeau-</strong></span> <span class='ocrx_word' id='word_1_401' title='bbox 786 3157 873 3204; x_wconf 78' lang='lat' dir='ltr'><strong>rsrum,</strong></span> <span class='ocrx_word' id='word_1_402' title='bbox 889 3144 915 3193; x_wconf 88' lang='lat' dir='ltr'><strong>in</strong></span> <span class='ocrx_word' id='word_1_403' title='bbox 930 3145 1007 3209; x_wconf 84' lang='lat' dir='ltr'><strong>prims</strong></span> <span class='ocrx_word' id='word_1_404' title='bbox 1021 3143 1124 3207; x_wconf 81' lang='lat' dir='ltr'><strong>quidem·</strong></span> <span class='ocrx_word' id='word_1_405' title='bbox 1139 3144 1213 3193; x_wconf 77' lang='lat' dir='ltr'><strong>Eleu.</strong></span> <span class='ocrx_word' id='word_1_406' title='bbox 1238 3145 1301 3193; x_wconf 76' lang='lat' dir='ltr'><strong>aua</strong></span> 
     </span>
     <span class='ocr_line' id='line_1_43' title="bbox 236 3208 1228 3270; baseline 0 -14"><span class='ocrx_word' id='word_1_407' title='bbox 236 3210 415 3257; x_wconf 67' lang='lat' dir='ltr'><strong>satians-Euri.</strong></span> <span class='ocrx_word' id='word_1_408' title='bbox 434 3208 754 3270; x_wconf 59' lang='lat' dir='ltr'><strong>surcularium...</strong></span> <span class='ocrx_word' id='word_1_409' title='bbox 785 3208 866 3256; x_wconf 70' lang='lat' dir='ltr'><strong>itum</strong></span> <span class='ocrx_word' id='word_1_410' title='bbox 1225 3252 1228 3256; x_wconf 87' lang='lat'><em>.</em></span> 
     </span>
     <span class='ocr_line' id='line_1_44' title="bbox 236 3272 1303 3336; baseline 0.002 -16"><span class='ocrx_word' id='word_1_411' title='bbox 236 3274 346 3320; x_wconf 64' lang='lat' dir='ltr'><strong>teanum</strong></span> <span class='ocrx_word' id='word_1_412' title='bbox 350 3275 461 3335; x_wconf 83' lang='lat' dir='ltr'><strong>permitti</strong></span> <span class='ocrx_word' id='word_1_413' title='bbox 465 3273 557 3335; x_wconf 77' lang='lat' dir='ltr'><strong>jubent.</strong></span> <span class='ocrx_word' id='word_1_414' title='bbox 589 3274 628 3321; x_wconf 87' lang='lat' dir='ltr'><strong>Ne</strong></span> <span class='ocrx_word' id='word_1_415' title='bbox 638 3286 708 3335; x_wconf 86' lang='lat' dir='ltr'><strong>quem</strong></span> <span class='ocrx_word' id='word_1_416' title='bbox 727 3274 752 3321; x_wconf 68' lang='grc' dir='ltr'><strong>τὸ</strong></span> <span class='ocrx_word' id='word_1_417' title='bbox 818 3272 854 3319; x_wconf 81' lang='lat' dir='ltr'><strong>Et</strong></span> <span class='ocrx_word' id='word_1_418' title='bbox 864 3273 996 3335; x_wconf 84' lang='lat' dir='ltr'><strong>usurpatis]</strong></span> <span class='ocrx_word' id='word_1_419' title='bbox 1015 3272 1131 3336; x_wconf 81' lang='lat' dir='ltr'><strong>Copulsm</strong></span> <span class='ocrx_word' id='word_1_420' title='bbox 1148 3272 1251 3321; x_wconf 82' lang='lat' dir='ltr'><strong>Piebeua</strong></span> <span class='ocrx_word' id='word_1_421' title='bbox 1266 3288 1303 3322; x_wconf 85' lang='lat' dir='ltr'><strong>re-</strong></span> 
     </span>
    </p>
   </div>
   <div class='ocr_carea' id='block_1_5' title="bbox 158 3335 1022 3395">
    <p class='ocr_par' dir='ltr' id='par_1_9' title="bbox 158 3335 1022 3395">
     <span class='ocr_line' id='line_1_45' title="bbox 158 3335 1022 3395; baseline 0.002 -12"><span class='ocrx_word' id='word_1_422' title='bbox 158 3356 165 3365; x_wconf 52' lang='lat' dir='ltr'>f</span> <span class='ocrx_word' id='word_1_423' title='bbox 233 3338 377 3385; x_wconf 82' lang='lat' dir='ltr'><strong>absolutione</strong></span> <span class='ocrx_word' id='word_1_424' title='bbox 390 3336 500 3395; x_wconf 81' lang='lat' dir='ltr'><strong>offeudst,</strong></span> <span class='ocrx_word' id='word_1_425' title='bbox 515 3335 564 3383; x_wconf 88' lang='lat' dir='ltr'><strong>Dio</strong></span> <span class='ocrx_word' id='word_1_426' title='bbox 579 3336 623 3385; x_wconf 83' lang='lat' dir='ltr'><strong>bae</strong></span> <span class='ocrx_word' id='word_1_427' title='bbox 636 3335 753 3385; x_wconf 72' lang='lat' dir='ltr'><strong>oatauone</strong></span> <span class='ocrx_word' id='word_1_428' title='bbox 783 3335 860 3385; x_wconf 84' lang='lat' dir='ltr'><strong>stituit</strong></span> <span class='ocrx_word' id='word_1_429' title='bbox 871 3346 939 3385; x_wconf 82' lang='lat' dir='ltr'><strong>eret</strong></span> <span class='ocrx_word' id='word_1_430' title='bbox 950 3338 1022 3385; x_wconf 87' lang='lat' dir='ltr'><strong>libris.</strong></span> 
     </span>
    </p>
   </div>
   <div class='ocr_carea' id='block_1_6' title="bbox 233 3400 1303 3601">
    <p class='ocr_par' dir='ltr' id='par_1_10' title="bbox 233 3400 1303 3601">
     <span class='ocr_line' id='line_1_46' title="bbox 236 3400 1302 3465; baseline 0.003 -17"><span class='ocrx_word' id='word_1_431' title='bbox 236 3400 314 3449; x_wconf 87' lang='lat' dir='ltr'><strong>utitur</strong></span> <span class='ocrx_word' id='word_1_432' title='bbox 325 3402 395 3448; x_wconf 83' lang='lat' dir='ltr'><strong>verbo</strong></span> <span class='ocrx_word' id='word_1_433' title='bbox 405 3402 505 3447; x_wconf 74' lang='grc' dir='ltr'>ἀπολύω</span> <span class='ocrx_word' id='word_1_434' title='bbox 516 3400 534 3448; x_wconf 95' lang='grc'><strong>1.</strong></span> <span class='ocrx_word' id='word_1_435' title='bbox 544 3416 566 3448; x_wconf 89' lang='lat' dir='ltr'><strong>e.</strong></span> <span class='ocrx_word' id='word_1_436' title='bbox 819 3402 847 3448; x_wconf 77' lang='lat' dir='ltr'><strong>C.</strong></span> <span class='ocrx_word' id='word_1_437' title='bbox 859 3403 932 3465; x_wconf 79' lang='lat' dir='ltr'><strong>Cea]</strong></span> <span class='ocrx_word' id='word_1_438' title='bbox 948 3401 1011 3450; x_wconf 84' lang='lat' dir='ltr'><strong>Bud.</strong></span> <span class='ocrx_word' id='word_1_439' title='bbox 1025 3402 1056 3449; x_wconf 90' lang='lat' dir='ltr'><strong>G.</strong></span> <span class='ocrx_word' id='word_1_440' title='bbox 1068 3403 1128 3449; x_wconf 65' lang='grc' dir='ltr'><strong>θαι.</strong></span> <span class='ocrx_word' id='word_1_441' title='bbox 1139 3410 1203 3449; x_wconf 83' lang='lat' dir='ltr'><strong>more</strong></span> <span class='ocrx_word' id='word_1_442' title='bbox 1211 3402 1302 3451; x_wconf 75' lang='lat' dir='ltr'><strong>Grato.</strong></span> 
     </span>
     <span class='ocr_line' id='line_1_47' title="bbox 268 3460 916 3524; baseline -0.003 -12"><span class='ocrx_word' id='word_1_443' title='bbox 268 3466 301 3512; x_wconf 84' lang='lat' dir='ltr'><strong>Iu</strong></span> <span class='ocrx_word' id='word_1_444' title='bbox 311 3465 406 3512; x_wconf 69' lang='lat' dir='ltr'><strong>aridem</strong></span> <span class='ocrx_word' id='word_1_445' title='bbox 414 3460 454 3524; x_wconf 81' lang='lat' dir='ltr'><strong>el]</strong></span> <span class='ocrx_word' id='word_1_446' title='bbox 469 3463 508 3512; x_wconf 81' lang='lat' dir='ltr'><strong>stc</strong></span> <span class='ocrx_word' id='word_1_447' title='bbox 516 3464 540 3522; x_wconf 84' lang='lat'><strong>6,</strong></span> <span class='ocrx_word' id='word_1_448' title='bbox 549 3465 588 3513; x_wconf 78' lang='lat'><strong>49.</strong></span> <span class='ocrx_word' id='word_1_449' title='bbox 603 3467 651 3512; x_wconf 87' lang='lat' dir='ltr'><strong>alia</strong></span> <span class='ocrx_word' id='word_1_450' title='bbox 659 3466 685 3510; x_wconf 88' lang='lat' dir='ltr'><strong>in</strong></span> <span class='ocrx_word' id='word_1_451' title='bbox 694 3480 752 3513; x_wconf 83' lang='lat' dir='ltr'><strong>eun·</strong></span> <span class='ocrx_word' id='word_1_452' title='bbox 784 3463 823 3511; x_wconf 82' lang='lat' dir='ltr'><strong>stc</strong></span> <span class='ocrx_word' id='word_1_453' title='bbox 834 3464 916 3512; x_wconf 77' lang='lat' dir='ltr'><strong>ubivis.</strong></span> 
     </span>
     <span class='ocr_line' id='line_1_48' title="bbox 233 3526 1303 3601; baseline 0 -22"><span class='ocrx_word' id='word_1_454' title='bbox 233 3530 290 3579; x_wconf 74' lang='lat' dir='ltr'><strong>dem</strong></span> <span class='ocrx_word' id='word_1_455' title='bbox 296 3530 396 3577; x_wconf 75' lang='lat' dir='ltr'><strong>tomen</strong></span> <span class='ocrx_word' id='word_1_456' title='bbox 404 3533 484 3579; x_wconf 74' lang='lat' dir='ltr'><strong>asarta</strong></span> <span class='ocrx_word' id='word_1_457' title='bbox 496 3534 520 3576; x_wconf 88' lang='lat' dir='ltr'><strong>et</strong></span> <span class='ocrx_word' id='word_1_458' title='bbox 530 3528 752 3591; x_wconf 70' lang='lat' dir='ltr'><strong>miserantafirret.</strong></span> <span class='ocrx_word' id='word_1_459' title='bbox 818 3528 974 3601; x_wconf 76' lang='lat' dir='ltr'><strong>Petitumm]</strong></span> <span class='ocrx_word' id='word_1_460' title='bbox 998 3526 1045 3576; x_wconf 90' lang='lat' dir='ltr'><strong>Int.</strong></span> <span class='ocrx_word' id='word_1_461' title='bbox 1055 3529 1143 3592; x_wconf 81' lang='lat' dir='ltr'><strong>fuisse,</strong></span> <span class='ocrx_word' id='word_1_462' title='bbox 1161 3530 1228 3591; x_wconf 86' lang='lat' dir='ltr'><strong>eujus</strong></span> <span class='ocrx_word' id='word_1_463' title='bbox 1246 3545 1303 3579; x_wconf 82' lang='lat' dir='ltr'><strong>sane</strong></span> 
     </span>
    </p>
   </div>
   <div class='ocr_carea' id='block_1_7' title="bbox 143 3591 1146 3654">
    <p class='ocr_par' dir='ltr' id='par_1_11' title="bbox 143 3591 1146 3654">
     <span class='ocr_line' id='line_1_49' title="bbox 143 3591 1146 3654; baseline -0.001 -12"><span class='ocrx_word' id='word_1_464' title='bbox 143 3618 147 3633; x_wconf 69' lang='grc' dir='ltr'>ι</span> <span class='ocrx_word' id='word_1_465' title='bbox 237 3594 309 3643; x_wconf 73' lang='lat' dir='ltr'><strong>Euat.</strong></span> <span class='ocrx_word' id='word_1_466' title='bbox 784 3591 822 3639; x_wconf 88' lang='lat' dir='ltr'><strong>bic</strong></span> <span class='ocrx_word' id='word_1_467' title='bbox 832 3591 911 3639; x_wconf 86' lang='lat' dir='ltr'><strong>durior</strong></span> <span class='ocrx_word' id='word_1_468' title='bbox 921 3591 1007 3654; x_wconf 81' lang='lat' dir='ltr'><strong>ellipsis</strong></span> <span class='ocrx_word' id='word_1_469' title='bbox 1018 3601 1059 3641; x_wconf 85' lang='lat' dir='ltr'><strong>est.</strong></span> <span class='ocrx_word' id='word_1_470' title='bbox 1075 3594 1146 3641; x_wconf 80' lang='lat' dir='ltr'><strong>Eleu.</strong></span> 
     </span>
    </p>
   </div>
   <div class='ocr_carea' id='block_1_8' title="bbox 169 3657 1302 4359">
    <p class='ocr_par' dir='ltr' id='par_1_12' title="bbox 169 3657 1302 4359">
     <span class='ocr_line' id='line_1_50' title="bbox 268 3657 1300 3721; baseline 0.001 -16"><span class='ocrx_word' id='word_1_471' title='bbox 268 3657 429 3705; x_wconf 84' lang='lat' dir='ltr'><strong>Hortantilms</strong></span> <span class='ocrx_word' id='word_1_472' title='bbox 438 3658 521 3707; x_wconf 76' lang='lat' dir='ltr'><strong>deliine</strong></span> <span class='ocrx_word' id='word_1_473' title='bbox 533 3657 682 3721; x_wconf 82' lang='lat' dir='ltr'><strong>quibusdam]</strong></span> <span class='ocrx_word' id='word_1_474' title='bbox 700 3657 752 3707; x_wconf 81' lang='lat' dir='ltr'><strong>Ex·</strong></span> <span class='ocrx_word' id='word_1_475' title='bbox 819 3658 898 3713; x_wconf 67' lang='lat' dir='ltr'><strong>oziam</strong></span> <span class='ocrx_word' id='word_1_476' title='bbox 914 3657 975 3717; x_wconf 81' lang='lat' dir='ltr'><strong>quod</strong></span> <span class='ocrx_word' id='word_1_477' title='bbox 981 3657 1074 3719; x_wconf 80' lang='lat' dir='ltr'><strong>fraude</strong></span> <span class='ocrx_word' id='word_1_478' title='bbox 1089 3659 1205 3715; x_wconf 68' lang='lat' dir='ltr'><strong>muiklri,</strong></span> <span class='ocrx_word' id='word_1_479' title='bbox 1216 3665 1240 3706; x_wconf 89' lang='lat' dir='ltr'><strong>et</strong></span> <span class='ocrx_word' id='word_1_480' title='bbox 1255 3662 1300 3705; x_wconf 86' lang='lat' dir='ltr'><strong>im-</strong></span> 
     </span>
     <span class='ocr_line' id='line_1_51' title="bbox 235 3720 1301 3795; baseline 0 -25"><span class='ocrx_word' id='word_1_481' title='bbox 235 3721 388 3780; x_wconf 77' lang='lat' dir='ltr'><strong>siditroaula,</strong></span> <span class='ocrx_word' id='word_1_482' title='bbox 404 3730 475 3784; x_wconf 77' lang='lat' dir='ltr'><strong>putor</strong></span> <span class='ocrx_word' id='word_1_483' title='bbox 492 3720 685 3795; x_wconf 86' lang='lat' dir='ltr'><strong>seribendumque</strong></span> <span class='ocrx_word' id='word_1_484' title='bbox 699 3724 753 3783; x_wconf 84' lang='lat' dir='ltr'><strong>qui·</strong></span> <span class='ocrx_word' id='word_1_485' title='bbox 780 3722 871 3782; x_wconf 81' lang='lat' dir='ltr'><strong>pudico</strong></span> <span class='ocrx_word' id='word_1_486' title='bbox 894 3721 984 3767; x_wconf 77' lang='lat' dir='ltr'><strong>Vitellii</strong></span> <span class='ocrx_word' id='word_1_487' title='bbox 1003 3735 1042 3768; x_wconf 80' lang='lat' dir='ltr'><strong>ore</strong></span> <span class='ocrx_word' id='word_1_488' title='bbox 1063 3722 1166 3785; x_wconf 77' lang='lat' dir='ltr'><strong>mderet]</strong></span> <span class='ocrx_word' id='word_1_489' title='bbox 1187 3723 1301 3771; x_wconf 87' lang='lat' dir='ltr'><strong>Gruterus</strong></span> 
     </span>
     <span class='ocr_line' id='line_1_52' title="bbox 169 3783 1302 3849; baseline 0 -16"><span class='ocrx_word' id='word_1_490' title='bbox 169 3809 172 3815; x_wconf 45' lang='lat'><strong><em>¹</em></strong></span> <span class='ocrx_word' id='word_1_491' title='bbox 233 3787 333 3833; x_wconf 76' lang='lat' dir='ltr'><strong>busdam</strong></span> <span class='ocrx_word' id='word_1_492' title='bbox 357 3788 389 3833; x_wconf 86' lang='lat' dir='ltr'><strong>ad</strong></span> <span class='ocrx_word' id='word_1_493' title='bbox 404 3787 516 3842; x_wconf 85' lang='lat' dir='ltr'><strong>inediam,</strong></span> <span class='ocrx_word' id='word_1_494' title='bbox 538 3786 623 3833; x_wconf 75' lang='lat' dir='ltr'><strong>sium</strong></span> <span class='ocrx_word' id='word_1_495' title='bbox 641 3785 753 3849; x_wconf 80' lang='lat' dir='ltr'><strong>imposuit</strong></span> <span class='ocrx_word' id='word_1_496' title='bbox 784 3783 941 3833; x_wconf 70' lang='lat' dir='ltr'><strong>munimem</strong></span> <span class='ocrx_word' id='word_1_497' title='bbox 962 3783 1032 3847; x_wconf 81' lang='lat' dir='ltr'><strong>longe</strong></span> <span class='ocrx_word' id='word_1_498' title='bbox 1056 3785 1105 3832; x_wconf 83' lang='lat' dir='ltr'><strong>fore</strong></span> <span class='ocrx_word' id='word_1_499' title='bbox 1127 3793 1196 3846; x_wconf 83' lang='lat' dir='ltr'><strong>putat</strong></span> <span class='ocrx_word' id='word_1_500' title='bbox 1217 3785 1302 3833; x_wconf 84' lang='lat' dir='ltr'><strong>oratio-</strong></span> 
     </span>
     <span class='ocr_line' id='line_1_53' title="bbox 233 3846 1301 3910; baseline 0 -13"><span class='ocrx_word' id='word_1_501' title='bbox 233 3850 292 3897; x_wconf 90' lang='lat' dir='ltr'><strong>olim</strong></span> <span class='ocrx_word' id='word_1_502' title='bbox 307 3849 367 3897; x_wconf 84' lang='lat' dir='ltr'><strong>mihi</strong></span> <span class='ocrx_word' id='word_1_503' title='bbox 383 3849 489 3899; x_wconf 85' lang='lat' dir='ltr'><strong>Orbilius</strong></span> <span class='ocrx_word' id='word_1_504' title='bbox 504 3864 579 3897; x_wconf 84' lang='lat' dir='ltr'><strong>meus.</strong></span> <span class='ocrx_word' id='word_1_505' title='bbox 594 3849 669 3897; x_wconf 69' lang='lat' dir='ltr'><strong>Irrrs.</strong></span> <span class='ocrx_word' id='word_1_506' title='bbox 703 3849 753 3899; x_wconf 86' lang='lat' dir='ltr'><strong>Vs·</strong></span> <span class='ocrx_word' id='word_1_507' title='bbox 783 3862 848 3907; x_wconf 81' lang='lat' dir='ltr'><strong>nun,</strong></span> <span class='ocrx_word' id='word_1_508' title='bbox 867 3847 888 3896; x_wconf 92' lang='lat' dir='ltr'><strong>si</strong></span> <span class='ocrx_word' id='word_1_509' title='bbox 903 3846 979 3895; x_wconf 77' lang='lat' dir='ltr'><strong>recisis</strong></span> <span class='ocrx_word' id='word_1_510' title='bbox 995 3850 1056 3910; x_wconf 81' lang='lat' dir='ltr'><strong>quod</strong></span> <span class='ocrx_word' id='word_1_511' title='bbox 1070 3856 1093 3896; x_wconf 88' lang='lat' dir='ltr'><strong>et</strong></span> <span class='ocrx_word' id='word_1_512' title='bbox 1107 3850 1206 3910; x_wconf 71' lang='lat' dir='ltr'><strong>catera,</strong></span> <span class='ocrx_word' id='word_1_513' title='bbox 1217 3849 1301 3903; x_wconf 48' lang='lat' dir='ltr'><strong>seritis,</strong></span> 
     </span>
     <span class='ocr_line' id='line_1_54' title="bbox 236 3912 1301 3975; baseline -0.001 -14"><span class='ocrx_word' id='word_1_514' title='bbox 236 3921 293 3961; x_wconf 80' lang='lat' dir='ltr'><strong>teres</strong></span> <span class='ocrx_word' id='word_1_515' title='bbox 304 3912 383 3964; x_wconf 80' lang='lat' dir='ltr'><strong>dixere</strong></span> <span class='ocrx_word' id='word_1_516' title='bbox 396 3922 419 3961; x_wconf 87' lang='lat' dir='ltr'><strong>et</strong></span> <span class='ocrx_word' id='word_1_517' title='bbox 434 3915 528 3962; x_wconf 72' lang='lat' dir='ltr'><strong>itamari</strong></span> <span class='ocrx_word' id='word_1_518' title='bbox 543 3915 644 3975; x_wconf 88' lang='lat' dir='ltr'><strong>aliquem</strong></span> <span class='ocrx_word' id='word_1_519' title='bbox 660 3921 684 3961; x_wconf 89' lang='lat' dir='ltr'><strong>et</strong></span> <span class='ocrx_word' id='word_1_520' title='bbox 697 3913 752 3961; x_wconf 78' lang='lat' dir='ltr'><strong>lior-</strong></span> <span class='ocrx_word' id='word_1_521' title='bbox 784 3927 876 3969; x_wconf 74' lang='lat' dir='ltr'><strong>remus3</strong></span> <span class='ocrx_word' id='word_1_522' title='bbox 894 3927 965 3972; x_wconf 89' lang='lat' dir='ltr'><strong>quam</strong></span> <span class='ocrx_word' id='word_1_523' title='bbox 973 3913 1063 3975; x_wconf 79' lang='lat' dir='ltr'><strong>fraude</strong></span> <span class='ocrx_word' id='word_1_524' title='bbox 1081 3914 1198 3966; x_wconf 72' lang='lat' dir='ltr'><strong>muliebri,</strong></span> <span class='ocrx_word' id='word_1_525' title='bbox 1217 3920 1240 3961; x_wconf 91' lang='lat' dir='ltr'><strong>et</strong></span> <span class='ocrx_word' id='word_1_526' title='bbox 1254 3916 1301 3960; x_wconf 89' lang='lat' dir='ltr'><strong>im-</strong></span> 
     </span>
     <span class='ocr_line' id='line_1_55' title="bbox 233 3974 1300 4041; baseline 0.001 -18"><span class='ocrx_word' id='word_1_527' title='bbox 233 3980 284 4023; x_wconf 86' lang='lat' dir='ltr'><strong>tari</strong></span> <span class='ocrx_word' id='word_1_528' title='bbox 294 3978 325 4025; x_wconf 87' lang='lat' dir='ltr'><strong>ad</strong></span> <span class='ocrx_word' id='word_1_529' title='bbox 335 3979 426 4041; x_wconf 81' lang='lat' dir='ltr'><strong>aliqrsirl</strong></span> <span class='ocrx_word' id='word_1_530' title='bbox 435 3985 460 4025; x_wconf 88' lang='lat' dir='ltr'><strong>et</strong></span> <span class='ocrx_word' id='word_1_531' title='bbox 469 3978 562 4025; x_wconf 66' lang='lat' dir='ltr'><strong>mitari</strong></span> <span class='ocrx_word' id='word_1_532' title='bbox 571 3977 668 4039; x_wconf 84' lang='lat' dir='ltr'><strong>aliquid.</strong></span> <span class='ocrx_word' id='word_1_533' title='bbox 703 3976 753 4025; x_wconf 90' lang='lat' dir='ltr'><strong>De·</strong></span> <span class='ocrx_word' id='word_1_534' title='bbox 780 3978 869 4038; x_wconf 83' lang='lat' dir='ltr'><strong>pudico</strong></span> <span class='ocrx_word' id='word_1_535' title='bbox 888 3978 977 4023; x_wconf 84' lang='lat' dir='ltr'><strong>Vitellii</strong></span> <span class='ocrx_word' id='word_1_536' title='bbox 987 3992 1035 4023; x_wconf 85' lang='lat' dir='ltr'><strong>ore.</strong></span> <span class='ocrx_word' id='word_1_537' title='bbox 1066 3974 1105 4024; x_wconf 87' lang='lat' dir='ltr'><strong>De</strong></span> <span class='ocrx_word' id='word_1_538' title='bbox 1117 3976 1229 4039; x_wconf 77' lang='lat' dir='ltr'><strong>particula</strong></span> <span class='ocrx_word' id='word_1_539' title='bbox 1243 3979 1300 4024; x_wconf 89' lang='lat' dir='ltr'><strong>sub-</strong></span> 
     </span>
     <span class='ocr_line' id='line_1_56' title="bbox 233 4039 1299 4104; baseline -0.001 -17"><span class='ocrx_word' id='word_1_540' title='bbox 233 4040 466 4091; x_wconf 78' lang='lat' dir='ltr'><strong>dimussuctorirates</strong></span> <span class='ocrx_word' id='word_1_541' title='bbox 477 4057 507 4089; x_wconf 83' lang='lat' dir='ltr'><strong>ex</strong></span> <span class='ocrx_word' id='word_1_542' title='bbox 515 4040 693 4101; x_wconf 63' lang='lat' dir='ltr'><strong>Astramitis,</strong></span> <span class='ocrx_word' id='word_1_543' title='bbox 704 4041 751 4089; x_wconf 85' lang='lat' dir='ltr'><strong>Ju·</strong></span> <span class='ocrx_word' id='word_1_544' title='bbox 784 4041 873 4088; x_wconf 79' lang='lat' dir='ltr'><strong>scribo:</strong></span> <span class='ocrx_word' id='word_1_545' title='bbox 890 4049 913 4087; x_wconf 82' lang='lat' dir='ltr'><strong>et</strong></span> <span class='ocrx_word' id='word_1_546' title='bbox 931 4039 1015 4087; x_wconf 80' lang='lat' dir='ltr'><strong>vitium</strong></span> <span class='ocrx_word' id='word_1_547' title='bbox 1031 4049 1073 4098; x_wconf 88' lang='lat' dir='ltr'><strong>est,</strong></span> <span class='ocrx_word' id='word_1_548' title='bbox 1088 4040 1159 4104; x_wconf 81' lang='lat' dir='ltr'><strong>quale</strong></span> <span class='ocrx_word' id='word_1_549' title='bbox 1176 4040 1240 4103; x_wconf 86' lang='lat' dir='ltr'><strong>apud</strong></span> <span class='ocrx_word' id='word_1_550' title='bbox 1256 4040 1299 4087; x_wconf 73' lang='lat' dir='ltr'><strong>tri.</strong></span> 
     </span>
     <span class='ocr_line' id='line_1_57' title="bbox 231 4103 1299 4169; baseline -0.002 -16"><span class='ocrx_word' id='word_1_551' title='bbox 231 4103 297 4153; x_wconf 79' lang='lat' dir='ltr'><strong>,atino</strong></span> <span class='ocrx_word' id='word_1_552' title='bbox 307 4106 343 4153; x_wconf 80' lang='lat' dir='ltr'><strong>vel</strong></span> <span class='ocrx_word' id='word_1_553' title='bbox 360 4105 448 4169; x_wconf 78' lang='lat' dir='ltr'><strong>Trogo,</strong></span> <span class='ocrx_word' id='word_1_554' title='bbox 459 4105 554 4163; x_wconf 63' lang='lat' dir='ltr'><strong>Seneca</strong></span> <span class='ocrx_word' id='word_1_555' title='bbox 566 4104 680 4152; x_wconf 82' lang='lat' dir='ltr'><strong>Statioud</strong></span> <span class='ocrx_word' id='word_1_556' title='bbox 694 4104 752 4153; x_wconf 85' lang='lat' dir='ltr'><strong>duos</strong></span> <span class='ocrx_word' id='word_1_557' title='bbox 784 4104 849 4152; x_wconf 83' lang='lat' dir='ltr'><strong>vium</strong></span> <span class='ocrx_word' id='word_1_558' title='bbox 864 4106 905 4163; x_wconf 78' lang='lat'><strong>28,</strong></span> <span class='ocrx_word' id='word_1_559' title='bbox 916 4104 958 4151; x_wconf 76' lang='lat'><strong>43.</strong></span> <span class='ocrx_word' id='word_1_560' title='bbox 978 4104 1116 4151; x_wconf 72' lang='lat' dir='ltr'><strong>missimus,</strong></span> <span class='ocrx_word' id='word_1_561' title='bbox 1138 4104 1247 4152; x_wconf 86' lang='lat' dir='ltr'><strong>Verbum</strong></span> <span class='ocrx_word' id='word_1_562' title='bbox 1263 4104 1299 4151; x_wconf 79' lang='lat' dir='ltr'><strong>is-</strong></span> 
     </span>
     <span class='ocr_line' id='line_1_58' title="bbox 233 4166 1300 4230; baseline 0.004 -17"><span class='ocrx_word' id='word_1_563' title='bbox 233 4166 752 4230; x_wconf 64' lang='lat' dir='ltr'><strong>norumposuenumnomtnsosousensc,</strong></span> <span class='ocrx_word' id='word_1_564' title='bbox 783 4167 827 4216; x_wconf 87' lang='lat' dir='ltr'><strong>eile</strong></span> <span class='ocrx_word' id='word_1_565' title='bbox 844 4168 923 4216; x_wconf 84' lang='lat' dir='ltr'><strong>tolero.</strong></span> <span class='ocrx_word' id='word_1_566' title='bbox 950 4168 1041 4215; x_wconf 81' lang='lat' dir='ltr'><strong>Gaou.</strong></span> <span class='ocrx_word' id='word_1_567' title='bbox 1079 4168 1125 4215; x_wconf 89' lang='lat' dir='ltr'><strong>Sed</strong></span> <span class='ocrx_word' id='word_1_568' title='bbox 1145 4169 1208 4229; x_wconf 82' lang='lat' dir='ltr'><strong>qaod</strong></span> <span class='ocrx_word' id='word_1_569' title='bbox 1229 4167 1300 4217; x_wconf 64' lang='lat' dir='ltr'><strong>marn</strong></span> 
     </span>
     <span class='ocr_line' id='line_1_59' title="bbox 232 4230 1299 4295; baseline 0.003 -18"><span class='ocrx_word' id='word_1_570' title='bbox 232 4245 272 4291; x_wconf 85' lang='lat' dir='ltr'><strong>ep.</strong></span> <span class='ocrx_word' id='word_1_571' title='bbox 284 4232 337 4279; x_wconf 76' lang='lat'>121.</span> <span class='ocrx_word' id='word_1_572' title='bbox 364 4232 494 4282; x_wconf 79' lang='lat' dir='ltr'><strong>Diali-ibin</strong></span> <span class='ocrx_word' id='word_1_573' title='bbox 504 4232 651 4293; x_wconf 70' lang='lat' dir='ltr'><strong>Statuit.)</strong></span> <span class='ocrx_word' id='word_1_574' title='bbox 676 4232 751 4281; x_wconf 85' lang='lat' dir='ltr'><strong>Aoos-</strong></span> <span class='ocrx_word' id='word_1_575' title='bbox 782 4232 837 4280; x_wconf 80' lang='lat' dir='ltr'><strong>ferri</strong></span> <span class='ocrx_word' id='word_1_576' title='bbox 852 4239 934 4295; x_wconf 86' lang='lat' dir='ltr'><strong>potest,</strong></span> <span class='ocrx_word' id='word_1_577' title='bbox 951 4240 975 4279; x_wconf 86' lang='lat' dir='ltr'><strong>et</strong></span> <span class='ocrx_word' id='word_1_578' title='bbox 989 4230 1040 4279; x_wconf 89' lang='lat' dir='ltr'><strong>looo</strong></span> <span class='ocrx_word' id='word_1_579' title='bbox 1055 4231 1145 4279; x_wconf 85' lang='lat' dir='ltr'><strong>Justini</strong></span> <span class='ocrx_word' id='word_1_580' title='bbox 1162 4232 1200 4291; x_wconf 84' lang='grc'><strong>19,</strong></span> <span class='ocrx_word' id='word_1_581' title='bbox 1215 4232 1239 4280; x_wconf 85' lang='grc'><strong>3.</strong></span> <span class='ocrx_word' id='word_1_582' title='bbox 1258 4232 1299 4280; x_wconf 85' lang='lat' dir='ltr'><strong>de·</strong></span> 
     </span>
     <span class='ocr_line' id='line_1_60' title="bbox 233 4293 1298 4359; baseline 0.005 -14"><span class='ocrx_word' id='word_1_583' title='bbox 233 4294 277 4345; x_wconf 78' lang='lat' dir='ltr'><strong>dut</strong></span> <span class='ocrx_word' id='word_1_584' title='bbox 288 4295 378 4347; x_wconf 83' lang='lat' dir='ltr'><strong>Gellius</strong></span> <span class='ocrx_word' id='word_1_585' title='bbox 393 4297 430 4355; x_wconf 83' lang='lat'><strong>13,</strong></span> <span class='ocrx_word' id='word_1_586' title='bbox 439 4300 480 4349; x_wconf 77' lang='lat'><strong>2³.</strong></span> <span class='ocrx_word' id='word_1_587' title='bbox 512 4298 574 4351; x_wconf 79' lang='lat' dir='ltr'><strong>Hae</strong></span> <span class='ocrx_word' id='word_1_588' title='bbox 585 4311 649 4349; x_wconf 75' lang='lat' dir='ltr'><strong>aetra</strong></span> <span class='ocrx_word' id='word_1_589' title='bbox 662 4299 750 4346; x_wconf 86' lang='lat' dir='ltr'><strong>ueritas</strong></span> <span class='ocrx_word' id='word_1_590' title='bbox 764 4293 768 4300; x_wconf 49' lang='lat'><em>¹</em></span> <span class='ocrx_word' id='word_1_591' title='bbox 782 4296 883 4345; x_wconf 75' lang='lat' dir='ltr'><strong>tenditur</strong></span> <span class='ocrx_word' id='word_1_592' title='bbox 899 4310 914 4342; x_wconf 85' lang='lat' dir='ltr'><strong>s</strong></span> <span class='ocrx_word' id='word_1_593' title='bbox 929 4295 980 4344; x_wconf 83' lang='lat' dir='ltr'><strong>Jsc.</strong></span> <span class='ocrx_word' id='word_1_594' title='bbox 1002 4296 1073 4347; x_wconf 81' lang='lat' dir='ltr'><strong>Grott</strong></span> <span class='ocrx_word' id='word_1_595' title='bbox 1093 4295 1134 4359; x_wconf 89' lang='lat' dir='ltr'><strong>qui</strong></span> <span class='ocrx_word' id='word_1_596' title='bbox 1150 4303 1228 4348; x_wconf 62' lang='lat' dir='ltr'><strong>nmen</strong></span> <span class='ocrx_word' id='word_1_597' title='bbox 1244 4296 1298 4349; x_wconf 78' lang='lat' dir='ltr'><strong>huis</strong></span> 
     </span>
    </p>
   </div>
   <div class='ocr_carea' id='block_1_9' title="bbox 0 0 1529 4950">
    <p class='ocr_par' dir='ltr' id='par_1_13' title="bbox 0 0 1529 4950">
     <span class='ocr_line' id='line_1_61' title="bbox 0 0 1529 4950; baseline 0 0"><span class='ocrx_word' id='word_1_598' title='bbox 0 0 1529 4950; x_wconf 95' lang='lat' dir='ltr'><strong> </strong></span> 
     </span>
    </p>
   </div>
  </div>
 </body>
</html>
