3042 4950
245 266 303 327 386
660 261 891 335 ANNALIUM
1129 262 1180 339 [s.
1194 280 1221 323 u.
1238 268 1304 324 819.

139 452 145 459 ·
244 426 379 503 Silanus,
393 436 554 511 tamqnam
568 428 697 491 Naxum
710 426 926 503 deveheretur,
941 426 1062 491 Ostiam
1073 439 1218 490 amotus:
1277 440 1305 489 st

244 510 414 598 municipio
427 511 564 599 Apuliae,
583 513 635 576 cui
656 534 769 575 nomen
788 523 835 575 est
857 498 1003 590 Barium,'
1015 510 1181 574 clauditur.
1226 513 1237 573 l
1253 510 1303 585 lic,

243 595 493 682 indignissimm
517 618 623 660 casum
647 596 800 683 sapienter
824 595 968 674 tolerans,
993 619 1013 659 a
1036 595 1237 672 Centurione,
1262 596 1305 659 ad

242 681 359 745 caedem
378 680 481 757 misso,
495 682 683 767 conripitur:
708 680 923 767 suadentique,
947 687 969 719 “
981 703 1075 743 venas
1088 678 1306 765 abrumpere,’'

244 764 416 829 “animum
427 765 554 851 quidem
564 766 658 829 morti
668 765 886 843 destinatum,''
895 765 948 843 eit,
963 766 1043 829 “sed
1054 787 1116 827 nou
1126 766 1304 850 permittere

242 850 415 938 percussori
427 849 558 935 gloriam
576 850 765 913 ministerii.''
806 853 855 915 At
879 850 1038 925 Centurio,
1061 850 1203 936 quamvis
1225 848 1304 912 iner-

190 956 193 960 ’
245 958 337 1012 mem,
351 934 556 1021 praevalidum
571 948 684 1012 tamen,
698 950 731 999 et
748 935 803 999 irae
841 956 913 998 uam
928 934 1031 997 tim'ori
1073 934 1227 1020 ropiorem
1241 958 1305 997 cer-

244 1043 331 1098 nens,
368 1020 444 1083 remi
457 1043 477 1083 a
492 1018 642 1084 militibus
660 1020 762 1105 jubet.
843 1042 878 1083 ec
894 1019 997 1083 omisit
1018 958 1143 1083 Silanus
1160 1018 1304 1087 obnitier

243 1043 405 1173 intendisse
430 1105 521 1182 ictus,
545 1121 699 1203 quantum
722 1104 867 1169 manibus
891 1103 983 1167 nudis
1007 1104 1141 1182 valebat,
1163 1102 1303 1167 doneca

244 1189 434 1260 Centurione
446 1189 628 1254 vulneribus
641 1188 788 1268 adversis,
802 1202 962 1274 tamquam
975 1188 1006 1251 in
1022 1212 1141 1276 pugna,
1153 1188 1285 1253 caderet.

240 1314 244 1319 .
285 1276 331 1339 X.
348 1275 448 1338 Haud
462 1274 565 1337 minus
578 1288 721 1359 prompte
732 1276 773 1337 L.
786 1274 899 1358 Vetus,
911 1295 1078 1358 socrusque
1092 1275 1173 1359 ejus,
1186 1274 1303 1363 Sertis,

243 1372 276 1425 et
298 1358 436 1423 Pollutia
457 1357 530 1436 filia,
556 1380 662 1423 necem
685 1358 827 1432 subiere;
854 1358 944 1421 invisi
970 1358 1119 1443 Principi,
1142 1371 1302 1443 tamquam

238 1444 379 1508 ,vivendo
392 1444 624 1529 exprobrarent,
643 1443 841 1507 interfectum
859 1466 923 1507 esse
938 1442 1121 1506 Rubellium
1141 1441 1302 1520 Plautum,

282 1551 394 1593 nerum
407 1527 502 1593 Lucii
519 1527 649 1597 Veteris.
684 1528 746 1592 Sed
759 1527 883 1591 initium
894 1527 1077 1614 detegendae
1085 1526 1211 1591 saevitiae
1247 1550 1303 1592 rae-

241 1554 323 1691 Adit,
337 1612 513 1677 interversis
532 1612 655 1697 patroni
669 1614 773 1689 rebus,
788 1612 829 1675 ad
848 1612 1062 1675 adcusandum
1076 1551 1303 1698 transgrediens

237 1700 434 1763 ,Fortunatus
445 1697 586 1775 libertus,
599 1696 717 1761 adscito
729 1696 863 1763 Claudio
875 1696 1042 1776 Demiano,
1051 1720 1156 1784 quem,
1164 1698 1206 1762 ob
1217 1698 1303 1784 flagi-

242 1784 286 1849 ria
299 1783 465 1847 vinctuma
476 1782 601 1861 Vetere,
614 1781 701 1847 Asiae
716 1781 915 1859 Proconsule‚
926 1781 1057 1846 exsolvit
1071 1784 1167 1861 Nero,
1182 1783 1214 1845 in
1223 1806 1303 1880 prae-

243 1868 340 1933 mium
355 1866 570 1932 adcusationis.
616 1867 709 1944 Quod
724 1866 781 1949 ubi
793 1868 952 1952 cognitum
972 1889 1036 1943 rec,
1052 1890 1147 1952 seque
1160 1882 1192 1930 et
1211 1866 1303 1931 liber-

243 1967 313 2017 tum
325 1954 393 2039 pari
407 1966 489 2017 sorte
502 1951 654 2039 componi,
670 1951 852 2015 Formianos
866 1952 898 2015 in
909 1973 1001 2037 agros
1014 1952 1197 2037 digreditur.
1237 1952 1303 2016 Illic

242 2061 316 2103 eum
328 2036 440 2102 milites
453 2036 574 2101 occulta
587 2036 727 2100 custodia
740 2035 943 2101 circumdant.
987 2036 1109 2100 Aderat
1122 2036 1194 2115 lilia,
1209 2060 1303 2122 super

243 2124 275 2186 in
336 2144 391 2187 ens
408 2120 593 2209 periculum,
616 2119 710 2207 longo
723 2122 831 2185 dolore
851 2135 953 2200 atrox,
973 2144 1012 2185 ex
1026 2145 1090 2207 quo
1108 2142 1301 2207 percussores

243 2208 272 2272 P
304 2208 361 2285 uti,
375 2207 477 2271 mariti
499 2206 559 2284 sui,
580 2204 719 2270 viderat:
742 2208 965 2292 cruentamque
985 2205 1134 2271 cervicem
1154 2205 1223 2291 ejus
1236 2227 1300 2267 am-

264 2292 346 2373 lexa,
360 2293 502 2358 servabat
515 2292 696 2379 sanguinem
711 2308 743 2355 et
753 2304 851 2355 vestes
861 2313 1034 2377 respersam
1058 2291 1163 2369 vidua,
1177 2289 1302 2375 inplexa

233 2315 331 2441 'llictu
345 2378 503 2454 continuo,
517 2398 574 2440 nec
589 2375 660 2440 ullis
674 2374 838 2455 alimentis,
852 2374 910 2439 nisi
921 2398 993 2462 quae
1007 2390 1139 2441 mortem
1153 2387 1300 2439 arcerent.

242 2550 351 2614 Deorig.
365 2553 442 2614 jurisz
461 2554 535 2602 aare
550 2551 647 2601 Cassius
665 2553 756 2615 tetigt
788 2551 858 2600 etism
876 2561 958 2616 sponte
976 2567 1033 2600 mox
1048 2553 1194 2602 moriturum.
1229 2551 1299 2600 Eris.

242 2631 288 2662 sss
307 2617 439 2676 plurimum
455 2619 481 2664 irs
496 2619 591 2665 civitate
608 2619 756 2666 auctoritatis
789 2616 864 2679 Supra
887 2619 926 2676 ll,
943 2617 984 2665 26.
1002 2617 1074 2664 habes
1096 2615 1166 2665 etiem
1186 2624 1300 2664 senectam

240 2679 333 2735 babuit,
351 2681 421 2726 donee
437 2694 491 2727 eum
510 2683 591 2729 Coerar
608 2679 692 2742 (Nero,
709 2695 755 2728 uon
787 2681 898 2741 apperiri.

242 2742 364 2801 Claudius,
382 2743 417 2790 uti
427 2753 529 2802 censent)
541 2745 656 2805 pellerem
673 2746 754 2806 exput-
820 2744 925 2791 Potistia
957 2744 1084 2805 Sumsit,
1101 2743 1300 2792 radiciturAn.

241 2821 325 2867 sasque
340 2808 368 2853 ab
382 2821 408 2854 eo
425 2809 451 2854 ia
470 2804 615 2869 Serdiaiam,
635 2815 756 2856 revocatas
788 2808 863 2865 titiis,
874 2823 906 2882 qu
948 2821 1028 2855 verum
1044 2821 1129 2855 nomen
1144 2823 1158 2854 a
1172 2817 1236 2869 patre
1247 2809 1299 2854 An-

241 2886 257 2918 a
279 2872 423 2932 Vespasiano.
448 2916 451 2923 ,
473 2871 513 2919 De
533 2871 620 2920 eximis
640 2872 690 2933 ejus
710 2873 753 2920 sci-
786 2870 857 2930 tistio,
868 2885 893 2917 m
903 2870 992 2934 duplex
1006 2870 1043 2918 illi
1057 2885 1142 2921 nomen
1153 2871 1228 2919 fuerit.
1261 2872 1301 2920 Sic

241 2934 304 2982 eutis
321 2943 398 2983 noster
418 2935 520 2994 laia.
562 2937 601 2984 Ea
622 2943 754 2998 tempestate
785 2933 885 2982 Irallem.

243 2999 340 3047 Cassius
366 3006 452 3046 eeteros
469 2998 640 3061 'preminebat
667 3003 756 3061 peritia
819 3001 975 3047 Intercatiam
991 3001 1050 3064 esse]
1067 2999 1199 3048 Ferendum
1216 3007 1301 3047 utcun-

241 3065 328 3123 tegem.
360 3062 454 3112 Plinius
470 3063 548 3126 Epist.
570 3064 595 3120 7,
615 3068 655 3112 rt.
699 3065 755 3111 La·
782 3076 840 3124 que.
935 3061 994 3118 mibi
1008 3065 1134 3128 probabile,
1150 3079 1227 3112 reram
1245 3064 1300 3112 scri·

242 3133 289 3185 tor,
310 3127 372 3188 quad
400 3129 481 3175 Mases
511 3129 539 3177 C.
575 3129 657 3183 Cassii,
685 3129 756 3191 huju
787 3133 880 3188 pturam
895 3125 965 3175 fuisse
979 3129 1129 3191 interficiam
1145 3142 1200 3175 are.
1234 3128 1301 3176 Dici-

241 3193 283 3253 qsi
301 3192 418 3239 emmae
438 3193 520 3239 scaete
535 3193 648 3254 princeps
668 3199 691 3240 et
708 3208 754 3254 pa·
789 3189 1213 3253 turquidemeeprobmreetiamcum
1224 3191 1300 3239 infini-

241 3271 296 3302 reru
303 3256 367 3318 seit,
382 3259 468 3303 semet
486 3258 579 3303 domiso
595 3269 641 3303 aas
659 3258 754 3303 mbmrs'.
787 3251 850 3311 tivo;
866 3253 906 3301 sed
917 3262 995 3302 tamen
1010 3257 1157 3320 plerumque,
1173 3255 1299 3317 prasertim

242 3320 318 3367 lure.
360 3318 416 3368 Aca
431 3335 481 3367 rem
499 3319 574 3382 tetigit
584 3319 624 3367 rr.
642 3319 755 3368 Mediees.
788 3317 851 3380 apud
866 3325 977 3373 nmmum,
994 3320 1203 3376 cumsccusativos
1222 3328 1300 3383 estque

242 3381 281 3430 Sic
300 3385 338 3440 1³,
352 3384 393 3431 ³3.
434 3386 466 3432 Ρ.
486 3385 594 3437 Celerem,
612 3384 668 3444 qaia
683 3385 756 3431 abrot-
788 3379 820 3427 sia
837 3379 901 3428 baud
918 3384 998 3445 paullo
1017 3383 1151 3446 elegantius.
1190 3382 1252 3430 Mox
1271 3385 1302 3430 ad

243 3462 296 3495 vere
317 3448 426 3508 nequibat
448 3449 538 3504 Caesar,
560 3449 645 3507 travit,
667 3456 756 3495 senemr
787 3447 943 3494 accusandam
957 3447 1030 3496 MSS.
1047 3447 1111 3495 Flor.
1130 3446 1209 3496 (ineis.
1227 3447 1301 3500 (Bud.

242 3512 511 3559 domcnwrtemobiret.
545 3511 638 3560 Geor.
670 3511 758 3574 Recepi
789 3507 861 3570 Agr·)
883 3510 918 3557 ed.
941 3527 976 3574 pr.
999 3512 1054 3559 Pur.
1077 3510 1130 3559 Ber.
1149 3511 1203 3559 Alc.
1224 3511 1303 3559 Rhen.

229 3573 344 3621 'senectus
364 3578 435 3637 ejas‚·
461 3584 496 3623 est
516 3575 579 3622 enim
601 3574 704 3633 evidens,
723 3575 757 3622 its
788 3572 1199 3639 Recentioresvulgoaccusatioaem
1226 3574 1300 3624 Eas.

242 3638 367 3700 hgendum
388 3653 444 3686 esse.
500 3638 568 3687 Certe
592 3643 642 3703 ejus
671 3638 757 3687 babent
821 3637 895 3698 Saag.
919 3646 942 3686 et
964 3647 1036 3688 vestes
1058 3640 1131 3703 resp]
1160 3639 1218 3687 cod.
1239 3639 1300 3702 Agr.

242 3703 296 3750 libri
316 3702 379 3757 boni,
404 3701 466 3748 Flor.
488 3702 549 3765 Agr.
572 3703 651 3750 Gueli'.
681 3703 755 3766 (Bud.
788 3704 905 3760 sanguine
915 3711 987 3752 vestm
996 3718 1118 3765 respersas.

136 3794 138 3797 ’
242 3765 304 3878 iit
315 3765 486 3879 ilidii*
502 3766 587 3892 tal}
602 3766 757 3878 ἚἭΞ
784 3766 1018 3890 ,tltdtttttt
1031 3767 1302 3896 lttttt‘ittlit:

242 3893 340 3944 Tacitus
353 3909 401 3943 non
417 3893 624 3958 scripsissemus
640 3898 697 3956 ejice,
716 3895 757 3942 sed
789 3900 839 3938 rata
864 3907 920 3942 voce
942 3897 1057 3958 amplexa.
1083 3895 1205 3944 Acidslius
1227 3906 1303 3960 putat

243 3958 308 4006 aliud
323 3958 389 4023 qnid,
407 3967 485 4006 tamm
506 3957 648 4007 tolerabilius
666 3968 700 4006 est
721 3973 757 4004 re·
789 3954 869 4003 Habet
891 3957 994 4022 aliquem
1011 3960 1125 4023 speciem:
1147 3960 1221 4008 etita
1242 3962 1301 4008 mol-

242 4022 444 4073 staiasmutariin
459 4029 571 4081 metus,
585 4036 657 4085 qnam
667 4026 717 4085 ejus
731 4022 757 4067 in
788 4017 834 4066 lius
862 4019 983 4070 adderetur
1014 4039 1056 4070 aec
1085 4025 1140 4070 altis
1174 4025 1303 4081 alimentis,

237 4091 297 4150 jau
320 4085 383 4134 unde
404 4086 469 4133 nulla
497 4086 609 4134 sententis
636 4084 758 4134 commoda
789 4081 831 4130 ubi
846 4084 907 4131 male
924 4085 1029 4148 Ryclsius
1045 4102 1058 4134 e
1072 4087 1122 4134 cod.
1137 4087 1161 4134 A
1190 4089 1303 4138 .addidit

244 4151 345 4209 lituum
360 4149 420 4198 illud
436 4148 649 4197 clammetheito
658 4149 758 4212 dignum
789 4161 839 4192 resa·
872 4147 918 4195 Sed
931 4164 976 4211 ega
992 4149 1027 4196 nil
1044 4158 1116 4198 muto.
1183 4150 1210 4199 'c.
1230 4153 1301 4202 Tusc.

245 4217 282 4262 sit.
314 4214 370 4273 Quo
386 4215 460 4276 magis
475 4214 565 4262 veniam
580 4213 633 4260 iacti
650 4229 688 4261 me
703 4228 757 4262 oon-
789 4214 814 4269 5,
836 4216 857 4258 l.
875 4215 1001 4274 angoribus
1019 4221 1042 4261 rt
1056 4215 1168 4262 molestiis
1187 4217 1303 4277 implicati

245 4286 379 4326 secutumm
402 4292 475 4339 spera
531 4275 643 4325 Heinsius
664 4278 758 4338 insuper
790 4276 873 4322 animi.
925 4278 1051 4341 Sequentes
1078 4278 1171 4328 ablativi
1198 4281 1303 4328 absolute

245 4341 346 4390 malebat
364 4342 544 4403 respectatatar,
561 4341 577 4390 i.
594 4356 614 4389 e.
630 4341 757 4388 conddera-
790 4337 910 4400 capiendis
934 4343 976 4390 bac
994 4342 1101 4391 varietate
1122 4357 1183 4405 sepe
1206 4341 1302 4392 Tacitus

245 4406 328 4451 batur:
348 4405 520 4465 existimabant,
534 4421 587 4453 cum
605 4419 674 4452 senex
692 4413 758 4463 esset,
791 4401 870 4450 utitur.
889 4403 919 4450 V.
934 4421 953 4454 c.
973 4411 993 4466 1,
1015 4409 1051 4456 lb·
1070 4407 1119 4455 init.
1136 4406 1208 4456 Euri.
1240 4407 1301 4454 Tril-
