3042 4950
198 248 245 296 a.
258 250 286 293 c.
301 238 363 310 oa]
563 235 638 293 Llss.
659 234 748 301 XlV:
762 235 849 295 CAP.
867 236 913 294 62.
1214 239 1275 297 aas

215 398 356 482 Jamque
368 411 400 461 et
415 396 565 483 palatium
586 394 787 459 multitudine
807 407 840 461 et
860 394 1051 463 clamoribus
1067 386 1274 484 complebant}

214 504 288 547 cum
301 480 404 547 emissi
416 482 550 546 militum
563 478 650 565 globi
663 479 845 544 verberibus
864 491 896 544 et
916 478 1036 547 intento
1054 482 1137 547 ferro
1150 484 1276 549 turbam

214 566 369 652 disjecere.
423 567 624 649 Mutataque‚
654 587 727 650 quoe
796 588 812 627 r
844 563 1024 645 seditionem
1052 579 1218 645 verterant,
1244 578 1276 633 et

215 652 363 736 Poppaeae
377 649 475 713 honos
482 648 636 735 repositus
646 663 703 713 est.
782 672 832 713 ute
841 672 960 735 semper
970 650 1053 729 odio,
1068 662 1137 715 tum
1148 662 1180 715 et
1189 666 1276 717 metu

214 748 316 811 atrox,
331 756 370 797 ne
384 748 440 798 aut
452 733 541 820 vulgi
555 732 654 798 acrior
667 733 715 798 vis
727 735 897 819 ingrueret,
912 747 968 798 aut
982 736 1068 799 Nero
1081 733 1277 816 inclinatione·

194 840 197 846 ·
215 818 324 905 populi
338 832 524 897 mutaretur,
538 818 704 909 provoluta
717 819 850 905 genibus
864 820 952 905 ejui;
977 826 999 857 ‘⁶
1015 819 1090 884 Non
1105 841 1142 882 eo
1155 818 1215 883 loci
1227 844 1276 885 res

216 926 288 969 suas
301 904 363 990 agi,
379 917 416 969 ut
429 904 470 968 de
483 904 679 975 matrimonio
692 918 789 969 certet
803 912 1008 1053 (quamquam
1021 903 1056 967 id
1070 904 1129 967 sibi
1143 902 1207 967 vita
1221 928 1277 991 po-

216 987 303 1066 tius),
318 988 372 1059 sed
388 988 483 1053 vitam
497 989 598 1075 ipsam
617 988 651 1052 in
672 1002 847 1053 extremum
868 988 909 1053 ad
932 1000 1036 1053 uotam
1051 1011 1071 1053 a
1085 988 1232 1053 clientelis
1245 1000 1278 1053 et

217 1073 349 1137 servitiis
360 1074 512 1149 Octavia,
527 1096 601 1160 quae
614 1072 714 1159 plebis
724 1072 783 1136 sibi
798 1094 910 1137 nomen
921 1072 1100 1151 indiderint,
1115 1072 1278 1161 eain-pace

215 1158 295 1236 ausi,
310 1182 382 1244 quae
397 1158 451 1221 viii
464 1157 546 1227 bello
560 1156 725 1222 evenirent
770 1156 932 1221 Armailla
942 1157 1091 1223 adversus
1100 1158 1278 1245 Principem

217 1257 361 1329 sumpta:
384 1241 497 1305 ducem
509 1253 632 1305 tantum
645 1240 801 1314 defuisse3
837 1241 903 1327 qui,
913 1242 1006 1305 motis
1016 1243 1118 1319 rebus,
1132 1243 1222 1307 facile
1232 1268 1279 1309 re-

216 1327 379 1411 periretur.
425 1326 595 1391 Omitteret
615 1326 708 1389 modo
724 1325 940 1412 Campaniam,
962 1339 994 1390 et
1007 1326 1041 1389 in
1054 1327 1190 1391 urbemi

218 1428 371 1498 pergeret,
386 1411 527 1498 adcujus
536 1424 649 1475 nutum
661 1410 797 1475 absentis
810 1408 965 1476 tumultus
972 1410 1135 1475 cierentur.
1181 1352 1280 1489 ὣ

187 1496 193 1509 ’
216 1496 355 1583 alioquin
370 1519 462 1561 suum
473 1495 644 1560 delictum?
666 1518 763 1581 quam
772 1497 957 1582 cujusquam
967 1496 1187 1561 offensionem?
1209 1499 1277 1577 An,-

217 1581 294 1667 quia
306 1605 412 1648 veram
426 1580 605 1668 progeniem
621 1580 793 1645 Penatibus
808 1581 968 1645 Caesarum
983 1581 1096 1645 datura
1117 1581 1167 1661 sit,
1177 1582 1280 1649 malle

218 1667 378 1753 Populum
393 1670 573 1732 Romanum
595 1664 729 1731 tibicinis
743 1665 790 1729 AE
813 1664 893 1752 yptii
916 1665 1053 1730 sobolem
1073 1668 1279 1752 Imperatorio

216 1745 342 1838 fastigio
356 1752 482 1816 induci?
506 1751 661 1837 Denique,
676 1749 702 1813 si
715 1750 749 1813 id
768 1688 862 1815 relius
876 1750 1039 1829 conducat,
1058 1750 1279 1851 libens,.quam

218 1853 354 1915 coaetus,
365 1838 476 1901 acciret
484 1836 653 1914 dominam,
663 1835 713 1898 vel
720 1834 894 1899 consuleret
903 1833 1058 1900 securitati
1061 1836 1280 1922 justaultione.

218 1922 265 1985 Et
278 1922 407 1985 modicis
420 1921 565 1986 remediis
571 1921 688 2007 primos
698 1932 802 1984 motus
812 1920 984 1985 consedisse
995 1945 1003 1985 ε
1025 1938 1070 1999 at,
1081 1919 1107 1983 si
1116 1921 1279 2008 desperent

220 2030 352 2071 uxorem
369 2007 503 2071 Neronis
516 2006 583 2069 fore
597 2005 772 2082 Octaviam,
786 2005 831 2069 illi
841 2004 988 2070 maritum
1002 2006 1159 2070 daturos?

263 2093 381 2157 LXII.
396 2092 509 2154 Varius
522 2113 633 2167 sermo,
649 2101 681 2154 et
694 2090 735 2153 ad
745 2102 866 2153 metum
873 2105 968 2176 atque
978 2089 1056 2154 iram
1068 2092 1279 2155 accommoda-

219 2188 282 2255 tus,
297 2175 408 2239 terruit
422 2174 515 2239 simul
528 2174 705 2239 audientem
720 2187 752 2238 et
765 2174 914 2241 accendit.
960 2174 1022 2239 Sed
1036 2196 1148 2261 parum
1158 2174 1281 2257 valebat

218 2400 243 2449 J.
266 2401 398 2449 Gronovius
423 2401 518 2464 propius
542 2400 573 2449 ad
599 2401 736 2465 scripturam
767 2402 808 2448 tili
819 2400 880 2449 male
890 2398 1009 2457 referebat,
1026 2408 1050 2449 et
1059 2414 1133 2463 genus
1142 2415 1188 2449 non
1200 2414 1281 2451 oonoo-

221 2466 321 2527 repetita
349 2468 519 2514 matiani.
569 2463 623 2513 Jos.
650 2464 737 2514 Nerius
767 2467 860 2528 quebat.
900 2463 930 2511 ld
944 2474 1098 2528 propagatum
1118 2474 1151 2514 est
1169 2481 1184 2513 a
1203 2464 1284 2529 lipsio

221 2529 295 2578 aad.
308 2531 331 2587 1,
345 2533 369 2576 b.
384 2532 510 2591 repetitam
527 2543 610 2576 coiere
625 2530 736 2576 Aritium.
768 2544 842 2592 usque
860 2527 890 2575 ad
908 2527 1062 2587 Gronovium‚
1080 2530 1152 2590 quie
1171 2529 1227 2582 MS.
1245 2530 1284 2578 ri.

221 2594 310 2642 emim
327 2593 441 2655 oppidum
459 2592 547 2644 Neroni
565 2591 645 2648 imre
664 2607 736 2654 sepe·
767 2592 872 2640 conexit.
906 2589 974 2638 Talia
985 2591 1056 2638 etiam
1072 2591 1121 2640 sine
1134 2591 1199 2640 libris
1213 2592 1282 2642 debe.

221 2671 267 2719 que
282 2656 317 2704 ibi
332 2657 413 2718 egisse.
428 2656 484 2706 satis
497 2663 594 2705 consui.
626 2654 683 2703 Vid.
696 2657 735 2712 lo,
767 2657 826 2702 bant
846 2653 935 2715 corrigi.
975 2654 1084 2702 Ceterum
1104 2657 1157 2702 aori
1174 2656 1233 2704 refer
1253 2656 1285 2706 id

221 2722 261 2768 23.
277 2719 372 2773 Probat,
379 2723 404 2769 e't
412 2721 438 2768 in
446 2718 661 2783 imsioneiiequitur
669 2718 737 2766 Mni-
768 2721 860 2766 ellenter
871 2726 894 2765 et
904 2732 990 2777 servor,
1001 2717 1044 2781 qui
1053 2718 1162 2768 lateritia
1173 2721 1285 2768 clientelis

221 2784 290 2832 leriia
333 2783 453 2847 Ryekium
479 2783 583 2847 sequitur
609 2782 738 2832 Broterius.
768 2783 911 2836 eierare,
923 2782 990 2841 eujus
1000 2783 1090 2845 generis
1100 2784 1207 2844 exempla
1217 2783 1286 2846 plura

221 2847 295 2896 aaa.
327 2847 440 2897 Heinsius
449 2847 571 2896 leetiom
582 2847 674 2895 Puteal.
690 2847 738 2894 Be-
768 2845 793 2892 in
806 2845 887 2894 Tacito
898 2853 922 2892 et
932 2845 990 2892 iliis.
1024 2845 1109 2892 Paullo
1123 2856 1176 2909 post
1185 2863 1228 2910 pro
1239 2850 1285 2896 ele.

222 2911 297 2960 meldi
315 2920 339 2960 et
352 2928 401 2975 seq.
413 2914 525 2971 bene-ut
538 2921 606 2974 puto,
622 2911 737 2963 emendat,
769 2917 852 2958 rentur
863 2907 925 2956 mele
935 2907 1014 2956 Gueli.
1026 2917 1167 2958 cerneretur.
1200 2911 1280 2960 Euri„

222 2990 271 3025 unii
292 2976 396 3024 litterula
418 2983 525 3025 mantas
549 2976 672 3036 repetitam
690 2974 737 3022 soil.
801 2974 852 3034 Aa,
875 2974 931 3034 quio
952 2987 1032 3020 veram
1054 2975 1111 3038 eto]
1131 2974 1179 3022 Hic
1195 2975 1285 3040 aliquid

223 3039 348 3088 ocaviim
358 3046 508 3087 amanter.
540 3039 613 3087 Suam
628 3037 702 3086 fecere
716 3045 741 3084 et
770 3040 941 3086 turbetumest.
978 3036 1043 3084 Nam
1059 3039 1286 3100 aigummtationon

223 3103 255 3150 Bi
283 3100 739 3166 umspoddspbrasibuiitautexpreisi·
771 3101 873 3164 procedit
880 3118 888 3159 3
906 3099 970 3164 quod
980 3100 1048 3149 facile
1058 3101 1232 3163 animadvertet,
1245 3105 1287 3168 qiu‘

255 3120 349 3214 {inlesi
359 3169 410 3213 mil.
423 3168 501 3229 globi]
520 3166 559 3214 Sic
569 3164 633 3214 Bud.
646 3179 662 3211 a
672 3166 695 3212 2.
705 3179 740 3226 m.
771 3165 879 3213 emender.
901 3183 903 3188 ·
920 3163 1004 3228 Atque
1026 3165 1096 3212 etiam
1116 3165 1170 3214 libri
1191 3168 1287 3218 venant.

224 3230 314 3279 videtur
323 3229 424 3280 idfunse
433 3232 579 3278 embmni.
727 3256 732 3274 -.
772 3227 836 3278 Nem
847 3230 883 3278 ed.
900 3245 935 3292 pr.
951 3228 1022 3278 habet
1034 3231 1113 3278 mallet
1130 3232 1163 3278 Ρ.
1174 3233 1206 3279 R.
1217 3248 1287 3293 qoam

261 3296 365 3343 Turbam
380 3293 501 3355 diqy'eoere]
518 3291 640 3343 sicMss
653 3290 742 3355 (Bud.)
772 3294 866 3341 libate.
899 3293 976 3356 igitur
991 3301 1049 3355 puto
1066 3308 1147 3340 verum
1163 3311 1225 3354 esse;
1246 3313 1286 3356 eii,

225 3359 285 3422 Reg.
297 3357 366 3406 Corb.
383 3358 421 3405 od.
438 3373 473 3421 pr.
485 3357 548 3421 quod
564 3371 611 3404 non
627 3355 740 3418 displicet·
772 3356 828 3417 qaia
837 3371 918 3404 ueram
921 3358 1061 3420 progeniem
1068 3359 1099 3404 Ρ.
1107 3359 1132 3404 C.
1140 3359 1226 3406 datura
1235 3362 1288 3408 stis

225 3423 298 3471 Enii.
330 3421 385 3470 lmo
400 3437 455 3470 vero
475 3421 542 3468 nane
560 3418 741 3468 admittendum.
773 3419 1092 3483 (immortaliorem
1109 3423 1141 3469 R.
1154 3425 1196 3476 (sc.
1210 3439 1289 3474 veram

224 3485 620 3548 Seniereefflipvnlgoturbatoe.
772 3485 905 3546 progeniem
929 3483 1060 3546 Currum)
1088 3500 1159 3546 quani
1186 3489 1288 3536 liberale

257 3547 665 3614 ntroppaeae100puimmdidiie
676 3545 743 3602 Flor·
772 3549 886 3610 AEggplii
902 3549 999 3596 sobolem
1014 3551 1174 3612 Imperatorio
1182 3551 1288 3612 fastigio

226 3611 499 3675 Piebenaisicetedqr.
514 3610 743 3661 noxamarrss.
774 3614 862 3659 macl.
900 3611 941 3668 iu
967 3625 1014 3658 non
1041 3611 1147 3675 displicet
1173 3613 1287 3664 Broterio.

225 3677 273 3726 rid.
285 3691 322 3740 pr.
332 3677 369 3737 (et
376 3673 529 3737 Bud.)habet
539 3682 670 3730 lemanna
679 3690 743 3723 voce·
774 3677 861 3724 Mollel
875 3675 977 3737 Populus
988 3676 1059 3724 iloni.
1069 3676 1139 3724 eiiam
1148 3675 1287 3743 Mamur.

225 3741 317 3790 Puteol.
334 3740 406 3788 edidit
423 3747 524 3796 laniem,
547 3739 611 3803 quod
625 3747 662 3787 est
677 3747 701 3786 et
717 3738 742 3786 in
773 3739 807 3800 at)
821 3739 900 3788 Guelf.
932 3739 1004 3788 Euri.

225 3805 283 3854 MS.
291 3805 371 3852 Guelf·
383 3811 465 3853 tumet
475 3804 612 3852 Rhenanus.
645 3803 717 3850 Ean.
806 3804 903 3852 Primos
914 3809 991 3852 morus
1001 3802 1139 3869 consedisse]
1155 3804 1172 3852 i.
1183 3820 1204 3853 e.
1215 3808 1288 3856 consi.

257 3869 283 3917 A
294 3870 408 3916 clientelli
418 3876 441 3918 et
451 3866 522 3932 iera]
534 3865 615 3916 Siead.
625 3882 662 3930 pr.
674 3866 741 3914 Pieli
773 3867 827 3916 dere
837 3866 946 3930 potuisse,
962 3881 976 3914 o
1010 3867 1063 3914 rimi
1078 3869 1188 3932 potuisse,
1205 3886 1223 3918 s.
1235 3886 1289 3920 oon.

226 3945 291 3996 seqq.
333 3933 365 3980 At
382 3933 475 3980 Puteol.
494 3937 651 3996 et,ieqq.,·(et
666 3927 742 3992 Bud.)
774 3931 847 3979 sidem
863 3930 942 3978 solare.
1005 3945 1037 3978 ox
1052 3945 1080 3977 oe
1093 3941 1173 3994 proat
1188 3935 1291 3984 malebat

226 3998 353 4055 ernado,
372 3996 453 4048 eadem
470 3995 587 4053 varietate,
601 4009 650 4058 que
664 4008 742 4056 supra·
773 3993 904 4043 Acidaliae.
935 3993 1031 4058 Lipsius
1046 3995 1116 4042 etiam
1126 3997 1183 4044 olim
1199 4014 1230 4046 aa
1242 4013 1290 4046 oor-

228 4059 649 4122 Maeuiamexeopmivae
665 4055 742 4105 omni·
773 4059 871 4122 rigebat,
893 4058 933 4106 ied
953 4073 1005 4106 eam
1027 4060 1180 4120 conjecuiram
1207 4061 1290 4110 deinde

228 4125 283 4181 bus,
298 4139 359 4196 quas
377 4124 434 4181 vidi,
453 4123 510 4170 item
528 4121 585 4170 MS·
598 4121 678 4170 Guelf.
712 4122 743 4169 ln
774 4122 908 4171 damnavit:
921 4123 945 4170 in
957 4122 992 4171 ed.
1004 4138 1025 4170 a.
1041 4124 1109 4170 1585.
1122 4123 1249 4182 adhucest;
1265 4125 1290 4173 iu

228 4188 347 4235 reomoori
367 4187 447 4250 aliqm
467 4187 503 4236 ed.
524 4185 646 4249 irrepserat
668 4187 742 4243 eada
775 4187 925 4240 ultimanoa
958 4185 1032 4236 Eari-
1065 4187 1129 4234 Bud.
1137 4190 1230 4248 mimos
1240 4204 1291 4236 mo.

229 4249 286 4297 vitio
296 4251 434 4310 matoria
444 4250 568 4313 utop'inor,
579 4249 622 4313 qui
631 4249 662 4299 ad
669 4251 744 4297 servi·
775 4258 813 4299 tas
824 4257 953 4298 consecutos
963 4250 1095 4298 comedisse.
