3042 4950
226 245 262 304 70
633 237 858 300 ausimum
1115 223 1290 312 nausea.

230 401 325 466 versis
338 401 462 488 longius
475 411 627 480 evectum,
649 401 770 488 integer
783 423 803 464 a
816 413 905 487 tergo
918 399 1032 485 globus
1044 396 1288 464 circumveniret

231 487 319 551 Tum
333 486 418 550 omni
433 508 486 572 spe
506 485 637 572 perdita,
654 486 865 563 Meherdates,
880 487 1030 571 promissa
1046 483 1221 560 Parrhasia,
1234 505 1290 568 pa·

230 572 309 635 terni
328 571 457 649 clientiS,
472 584 605 649 secutus,
621 569 693 634 dolo
713 573 784 656 ejus
797 570 942 648 vincitur,
963 570 1159 657 traditurque
1170 567 1291 632 victori.

231 659 341 742 Atque
354 655 415 734 ille,
439 663 460 694 “
475 677 537 718 non
551 655 776 742 propinquum,
790 677 892 741 neque
908 655 1032 719 Arsacis
1052 656 1092 720 de
1111 669 1214 754 gente,
1233 645 1290 716 sed

230 739 431 828 alienigenam
450 754 482 804 et
496 741 705 820 Romanum,”
727 739 900 826 increpans,
917 741 1047 804 auribus
1060 741 1170 806 decisis
1185 737 1290 802 vivere

227 827 331 914 jubet,
359 825 494 891 ostentui
518 825 687 890 clementiae
710 848 786 904 sure,
812 839 844 890 et
867 825 900 888 in
927 848 985 889 nos
1008 826 1289 890 dehonestamento.

232 912 316 976 Dein
330 911 483 976 Gotarzes
505 911 615 975 morbo
635 909 722 988 obiit,
737 911 915 996 accitusque
936 911 970 974 in
985 934 1117 997 regnum
1135 913 1290 987 Vonones,

232 997 346 1060 bladus
365 1009 432 1060 tum'
455 995 631 1082 praesidens.
684 995 786 1060 Nulla
809 995 884 1060 huic
909 1019 1058 1093 prospera
1076 1010 1132 1060 aut
1149 995 1290 1070 adversa,

231 1081 303 1167 quis
321 1095 559 1145 memoraretur:
582 1081 670 1145 brevi
688 1095 719 1144 et
732 1079 865 1166 inglorio
883 1081 1013 1168 imperio
1026 1081 1212 1167 perfunctus
1224 1091 1288 1156 θεῖς

231 1189 342 1252 resque
357 1167 547 1230 Parthorum
560 1166 593 1229 in
607 1165 707 1230 filium
720 1167 790 1252 ejus
803 1165 980 1253 Vologesen
994 1165 1161 1231 translatae.

276 1253 350 1315 XV.
375 1253 421 1314 At
447 1251 649 1315 Mithridates
672 1251 882 1337 Bosporanus,
908 1251 1025 1316 amissis
1048 1251 1163 1338 opibus
1180 1271 1291 1336 vagus,

233 1351 339 1422 postea
363 1358 435 1400 uam
466 1336 610 1416 Didium,
642 1337 765 1400 Ducem
794 1337 987 1412 Romanum,
1016 1333 1175 1424 roburque
1202 1355 1292 1398 exer·

231 1421 312 1485 citus
332 1443 349 1484 a
373 1420 431 1484 isse
453 1434 650 1508 cognoverat,
670 1421 792 1486 relictos
811 1421 844 1485 in
867 1444 948 1486 novo
975 1444 1082 1508 regno,
1103 1425 1219 1508 Cotyn,
1238 1419 1292 1518 ju-

232 1519 325 1570 venta
361 1505 481 1584 rudem,
510 1521 541 1572 et
569 1530 684 1594 paucas
717 1507 903 1587 cohortium,
932 1529 1005 1572 cum
1042 1509 1065 1570 J
1068 1506 1132 1572 ulio
1159 1510 1193 1571 A
1215 1503 1290 1582 ulla,

233 1591 352 1677 Equite
373 1591 539 1671 Romano;
563 1592 672 1679 spretis
695 1592 847 1679 utrisque,
864 1592 983 1659 concire
999 1592 1150 1671 nationes,
1168 1529 1293 1654 inlicere

232 1677 399 1763 perfugas:
428 1691 595 1764 postremo,
618 1676 754 1742 exercitu
776 1691 891 1755 coacto,
910 1701 1017 1764 regem
1038 1674 1293 1742 Dandaridarum

233 1763 391 1840 exturbat,
415 1762 607 1849 imperioque
623 1763 691 1849 ejus
704 1763 834 1849 potitur.
865 1766 945 1842 Quae
959 1759 1016 1827 u'bi
1030 1764 1165 1849 cognita,
1185 1762 1292 1848 etjam

229 1847 359 1934 jamque
382 1849 557 1934 Bosporum
579 1847 743 1912 invasurus
763 1847 947 1927 habebatur,
962 1847 1053 1912 diffisi
1070 1871 1128 1935 pro
1150 1846 1204 1910 riis
1221 1843 1295 1908 viri-

234 1933 293 1996 bus
316 1932 436 2019 Aquila
460 1947 491 1997 et
514 1933 622 2020 Cotys,
648 1934 723 2018 quia
748 1933 904 2020 Zorsines,
932 1933 1107 1998 Siracorum
1181 1955 1215 2011 x,
1239 1929 1295 2004 hor

233 2017 314 2081 stilia
327 2030 544 2102 resumpserat,
564 2032 706 2082 externas
724 2029 756 2080 et
776 2017 835 2102 ipsi
855 2019 971 2104 gratias
991 2017 1178 2103 quaesivere,
1196 2014 1296 2080 missis

232 2101 342 2186 legatis
355 2102 397 2166 ad
411 2105 577 2182 Eunonen,
593 2101 649 2188 qui
662 2102 859 2167 Adorsorum
881 2101 968 2189 genti
987 2101 1191 2188 praecellebat
1226 2101 1295 2164 Nec

232 2185 295 2249 fuit
314 2187 345 2251 in
365 2187 464 2251 arduo
486 2185 622 2266 societas,
642 2187 813 2273 potentiam
834 2187 1009 2251 Romanam
1032 2187 1180 2250 adversus
1193 2181 1295 2249 rebel·

165 2271 174 2281 ’
233 2269 302 2334 lem*
317 2271 525 2335 Mithridaten
547 2271 781 2336 ostentantibus
834 2272 938 2358 Igitur
966 2271 1124 2357 pepigere,
1156 2278 1178 2310 “
1201 2293 1296 2356 eque-

234 2355 349 2420 stribus
372 2355 488 2469 praeliis
512 2357 661 2421 Eunones
683 2366 833 2436 certaret3
865 2357 986 2421 obsidia
1012 2355 1138 2420 urbium
1158 2354 1294 2420 Romani

234 2464 270 2507 ca
294 2443 459 2508 asserent’

271 2464 381 2593 IllVI.
413 2528 500 2592 Tum
524 2528 694 2627 composito
715 2528 840 2614 agmine
857 2527 1025 2601 inoedunt;
1050 2528 1141 2614 cujus
1162 2526 1298 2591 frontem

234 2626 265 2677 et
280 2625 368 2711 terga
381 2612 510 2691 Adorsi,
525 2612 627 2676 medla
641 2613 782 2677 cohortes
794 2626 826 2677 et
846 2612 1018 2699 Bosporani
1033 2613 1227 2690 tutabantur,
1242 2632 1297 2674 noa

235 2698 306 2762 stris
330 2722 363 2761 m
389 2696 492 2762 armis.
537 2698 587 2762 Sic
615 2697 725 2785 pulsus
746 2696 854 2775 hostis,
876 2710 1068 2782 ventumque
1090 2698 1215 2775 Sozam,
1240 2718 1298 2783 op-

270 2902 355 2949 Medos
367 2908 417 2949 tam
424 2900 564 2965 presidem]
582 2900 690 2949 laert.
702 2900 750 2949 edi-
784 2900 856 2949 ineu.
885 2917 904 2948 r.
920 2900 997 2949 Ceteri
1007 2902 1103 2962 diffisa
1120 2900 1191 2948 Enu-
1219 2893 1297 2947 Rhea.

237 2966 272 3013 dit
284 2964 399 3013 Pichenar
417 2982 488 3029 quani
504 2964 695 3014 constructionem
713 2982 752 3013 su·
783 2968 855 3013 etiam
865 2917 949 3013 delevit
958 2966 1093 3013 auctoritate
1103 2963 1167 3013 Bud.

237 3046 280 3093 pra
298 3030 399 3077 vidimus
415 3030 439 3090 3,
458 3032 497 3078 39.
515 3031 539 3090 4,
558 3032 581 3076 5.
604 3037 645 3077 etc.
686 3027 753 3077 adiri
808 3030 1301 3093 Soracorachr1Farnes.Siraausoram.

239 3103 292 3142 ante
314 3092 440 3141 Pichenam
462 3108 541 3142 omnes
563 3094 653 3141 Medis.
681 3092 754 3142 Ean.
784 3092 848 3142 Vera
865 3094 986 3156 scriptura,
999 3096 1145 3142 Siracorum.
1174 3090 1299 3141 Nameta

239 3157 277 3207 Sic
287 3167 310 3206 et
321 3158 384 3207 Bud.
784 3158 981 3206 Straboneinll.
997 3173 1022 3219 p.
1034 3158 1090 3205 ⁵06.
1114 3156 1297 3221 Τὸτῶνῑιράιω

271 3224 439 3287 Mithridates]
447 3214 495 3269 Dio
503 3214 753 3287 Mithridatemquem-
785 3227 844 3279 φῦλα
859 3220 976 3270 dicuntur.
1003 3216 1089 3284 Populi
1100 3220 1194 3269 suntad
1209 3220 1299 3269 ccum-

238 3284 294 3333 dam
305 3286 418 3345 nominat,
429 3288 518 3349 prolem
529 3286 608 3349 magni
619 3286 698 3343 illius;
716 3287 754 3335 cui
785 3302 845 3333 sum.
863 3284 939 3333 Iura.
967 3286 1140 3346 Syracusarum
1156 3284 1299 3333 etiaml'loe.

232 3348 351 3398 'Claudius
370 3364 466 3413 regnum
487 3350 585 3413 Bospori
603 3350 699 3413 largitus
716 3352 752 3399 sit.
786 3348 866 3397 Guelf.
880 3350 941 3413 aeg.
954 3348 991 3397 ed.
1001 3366 1036 3413 pr.
1048 3346 1139 3397 Puteal.
1168 3350 1300 3411 syracusa-

239 3415 280 3473 60,
292 3416 315 3461 8.
346 3413 494 3462 Sedisalius
504 3412 572 3461 debet
582 3412 653 3461 luisse
662 3416 691 3462 ab
702 3414 753 3463 isto.
785 3412 1301 3477 mmA10.e*0rae0rumprimusaeuitahe

240 3478 315 3525 ers.
785 3492 875 3525 nanus:
900 3478 961 3525 infra
983 3466 1063 3525 Guelf.
1084 3475 1121 3525 ed.
1142 3492 1177 3542 pr.
1195 3479 1299 3530 Seracor.

273 3544 467 3605 EtjamJ'amqur
483 3546 616 3604 Bosporum
628 3544 754 3589 invasurae
786 3539 1132 3604 RyclriusrecepitSiracoram.
1146 3540 1245 3589 Initium
1251 3540 1302 3602 ejus

240 3607 376 3671 habebatur]
401 3606 439 3655 sie
457 3622 536 3653 omnes
554 3604 618 3665 editi,
633 3606 679 3653 nisi
691 3607 754 3669 quod
786 3604 1056 3654 vocisoertedesiderant
1070 3604 1155 3668 scripti.
1188 3604 1235 3653 Sed
1245 3604 1301 3653 scri-

241 3670 278 3717 ed.
291 3686 324 3733 pr.
333 3674 478 3737 Janaumquc
492 3670 571 3718 vitiose
585 3686 628 3733 pro
639 3674 753 3734 jamjam.
785 3678 855 3732 ptura
872 3670 945 3717 MSS.
963 3678 1037 3733 potest
1053 3670 1122 3717 edam
1140 3668 1202 3716 saca
1220 3682 1269 3717 etse
1285 3685 1301 3717 e

241 3737 490 3795 paenitentiarum.
525 3734 653 3782 Rhenanus
664 3734 719 3783 dicit
730 3751 755 3783 se
787 3736 953 3781 Struecrwrum
972 3734 1009 3781 vel
1026 3736 1201 3782 Seraoenorant.
1235 3732 1301 3781 Nam

240 3799 350 3847 delevisse
365 3806 388 3845 et
397 3801 458 3861 jam,
470 3807 494 3845 et
509 3814 551 3861 pro
564 3799 688 3846 habebatur
699 3800 755 3847 scri.
787 3797 886 3845 Ptolem.
895 3796 1301 3860 assentanpmatfmtscripu·

240 3863 313 3926 psisse
330 3864 467 3910 videbam:
490 3859 530 3910 sed
543 3877 618 3925 opera
632 3864 754 3926 vulgatum
786 3860 942 3910 raStrabonis
955 3862 1085 3924 11.p.492.
1097 3870 1131 3909 §a
1174 3860 1299 3914 asam.

240 3926 338 3984 dedere;
356 3926 419 3990 quod
430 3942 476 3975 non
487 3925 623 3975 tentandum
634 3936 674 3974 est.
709 3931 754 3975 Ia·
818 3927 966 3973 Adorroram
979 3928 1059 4002 genti]
1082 3877 1198 3984 stabili,
1213 3922 1300 3983 Plinio,

242 4008 341 4039 casurae
356 3994 479 4039 labebatur
493 4004 544 4053 pro,
561 3999 617 4049 erat,
628 3991 754 4040 dicabatur.
786 3988 921 4047 Ptolemae,
936 3989 962 4037 hi
977 3992 1059 4053 populi
1069 3988 1123 4037 dicti
1139 3989 1224 4036 Aorsi.-
1241 3988 1302 4036 inter

243 4050 755 4119 virgil.12,13⁴l.tumulur‚quinmtcAl·
785 4053 889 4117 Scythas.
902 4053 977 4102 Istra.
1006 4052 1171 4117 Quodrauepit
1185 4050 1301 4116 Bythias.

244 4118 315 4166 banaa
326 4122 438 4167 habetur.-
456 4128 532 4167 noster
541 4119 629 4167 infrac·
640 4122 679 4167 23.
687 4124 753 4183 jura,
785 4112 858 4165 Bau.
932 4146 939 4161 1

242 4197 288 4241 quc
309 4186 393 4231 Sicilia
411 4184 541 4242 haberetur,
566 4182 582 4228 i.
601 4198 621 4229 e.
638 4191 695 4230 rarat
711 4192 753 4231 etc.
819 4182 919 4229 Nostris
937 4183 964 4228 in
982 4182 1069 4246 araris]
1092 4180 1171 4229 Aliter
1192 4180 1300 4242 exaudio,

243 4244 305 4291 Mox
320 4249 378 4294 bene
395 4248 497 4296 Pichena
511 4244 575 4294 dedit
596 4248 666 4307 diffiai
687 4262 700 4294 e
720 4248 754 4295 le·
785 4261 857 4308 quam
868 4245 968 4309 vulgus:
985 4245 1010 4294 id
1021 4255 1064 4307 ast,
1075 4246 1147 4294 nocui
1156 4246 1181 4294 in
1191 4245 1303 4295 latenbus

241 4308 375 4359 ctionecod.
388 4310 425 4359 Fl.
442 4311 540 4373 dtffirw
558 4308 621 4373 quod
636 4319 670 4358 est
684 4311 752 4359 ctiam
785 4319 858 4371 erant,
876 4320 899 4359 et
914 4310 944 4359 ad
960 4326 1045 4359 annas.
1083 4310 1135 4378 Nec
1156 4310 1219 4360 enim
1239 4310 1301 4359 tolus
