3042 4950
249 225 298 287 *sa
667 234 889 294 nnnnuuu
1139 233 1318 310 [nasot.

263 403 399 457 nostram
414 395 602 475 metuebant,
613 397 813 462 novissimum
826 399 931 462 casum
944 392 1121 482 experitur3
1137 405 1263 480 sumpto
1276 393 1319 458 ad

264 477 409 563 proelium
423 479 499 558 loco,
509 494 545 545 ut
560 481 673 559 aditus,
684 483 852 559 abscessus,
866 494 977 546 cuncta
990 481 1079 545 nobis
1092 479 1271 566 inportuna,
1285 492 1317 543 et

266 562 329 626 suis
343 562 374 626 in
388 564 497 628 melius
511 581 619 630 essent.
665 569 759 630 Tunc
779 566 936 630 montibus
953 565 1070 643 arduis,
1085 578 1127 642 et,
1142 564 1167 628 si
1181 587 1246 650 qua
1258 563 1318 628 cle-

265 660 383 711 menter
406 649 508 713 accedi
529 661 682 749 poterant‚
704 650 736 714 in
757 650 887 714 modum
902 649 976 714 valli
992 672 1066 714 saxa
1086 649 1263 734 praestruit:
1286 661 1319 712 et

264 731 445 831 ppaeflucbat
458 739 557 831 imme
570 735 651 799 vado
664 735 792 811 incerto,
801 747 995 820 catervaeque
1007 733 1169 798 meliorum
1179 755 1236 820 pro
1249 756 1319 797 mu-

266 832 408 882 nimentrs
421 831 629 884 constiterant.
1138 826 1141 831 ’

309 902 481 967 XXXIV.
508 903 563 967 Ad
585 904 644 968 hoc
704 905 805 970 ntium
828 904 984 969 Ductores
1001 903 1173 980 circumire,
1190 902 1317 979 hortari,

266 985 388 1050 firmare
401 988 530 1066 animos,
541 989 667 1052 minuen
690 1005 815 1074 emetu,
823 988 1017 1054 accendenda
1029 1011 1095 1074 spe,
1104 988 1232 1073 aliisque
1245 987 1318 1050 belli

265 1068 478 1136 incitamentis.
516 1073 684 1139 Enimvero
693 1074 949 1139 Caractacushuc
961 1073 1035 1138 illuc
1044 1072 1185 1149 volitans,
1201 1071 1318 1134 “illum

267 1153 360 1231 diem,
376 1153 460 1220 illam
479 1157 588 1236 aciem,
603 1158 784 1238 testabatur,
798 1172 854 1222 aut
867 1157 1074 1244 reciperandae
1088 1156 1247 1232 libertatis,
1262 1169 1317 1220 aut

268 1239 423 1304 servitutis
436 1252 560 1305 aeternae
578 1242 700 1307 initium
721 1243 787 1307 fore
797 1245 824 1307 :”
845 1243 1036 1328 vocabatque
1053 1242 1179 1305 nomina
1193 1248 1213 1279 “
1224 1241 1319 1325 majo

266 1344 348 1401 rum,
368 1324 423 1410 qui
441 1326 632 1391 Dictatorem
654 1329 809 1392 Caesarem
827 1327 1027 1413 pepulissent,
1048 1348 1182 1411 quorum
1205 1323 1321 1388 virtute

266 1408 356 1471 vacui
370 1431 389 1472 a
403 1411 561 1476 securibus
581 1425 614 1476 et
632 1412 767 1491 tributis,
781 1413 962 1476 intemerata
981 1411 1152 1497 conjugum
1165 1424 1197 1476 et
1210 1409 1322 1474 libero-

267 1515 336 1555 rum
351 1511 481 1580 corpora
491 1495 684 1561 retinerent.''
720 1499 803 1562 Haec
816 1509 910 1582 atque
920 1495 995 1560 talia
1006 1495 1131 1573 dicenti,
1145 1492 1321 1578 adstrepere

268 1576 399 1663 vulgus3
422 1579 531 1666 gentili
548 1581 681 1666 quisque
698 1581 845 1668 religione
866 1580 1027 1666 obstringi,
1048 1586 1143 1642 “non
1158 1578 1237 1658 telis,
1258 1600 1320 1643 oon

269 1661 447 1728 vulneribus
464 1667 630 1730 cessuros.''

310 1748 461 1836 XXXV,
484 1750 698 1836 Obstupefecit
712 1774 749 1815 ea
767 1750 906 1814 alacritas
925 1751 1049 1812 Ducem
1064 1751 1259 1812 Romanum:
1283 1748 1321 1809 si-

266 1831 333 1894 mul
349 1833 489 1918 objectus
507 1836 616 1914 amnis,
637 1836 779 1900 additum
794 1834 921 1911 vallum,
943 1832 1121 1896 inminentia
1132 1833 1224 1917 juga,
1244 1830 1320 1894 nihil

267 1915 325 1980 nisi
339 1928 428 1981 atrox
447 1933 478 1982 et
492 1920 776 2005 propugnatoribus
793 1921 949 2005 frequens,
969 1917 1112 1980 terrebat.
1157 1915 1220 1980 Sed
1233 1915 1320 1978 miles

267 2000 412 2086 proelium
427 2025 561 2088 poscere,
584 2012 604 2042 “
622 2020 734 2068 cuncta
753 2005 867 2068 virtute
888 2000 1136 2088 expugnabilia‚”
1155 1999 1318 2088 clamitare.

268 2085 474 2172 Praefectique
494 2110 531 2150 ac
546 2088 680 2150 Tribuni
698 2089 784 2174 paria
804 2088 994 2164 disserentes,
1009 2085 1151 2148 ardor'em
1170 2083 1322 2148 exercitus

260 2259 387 2320 sonoram
394 2263 477 2322 populi
488 2263 513 2308 ia
525 2264 607 2310 rainae
616 2269 680 2324 aget·
699 2263 745 2311 Sed
756 2272 779 2312 et
808 2271 836 2311 ut
845 2261 942 2310 discmta
951 2260 1023 2308 virtus
1033 2258 1138 2307 eluceret.
1156 2257 1233 2305 Istro.
1264 2257 1322 2305 Pla-

267 2336 288 2368 c.
299 2324 322 2368 a
335 2325 377 2370 titt
388 2326 413 2370 ia
425 2331 465 2372 tua
473 2339 531 2387 pace
545 2334 637 2374 arenata
654 2329 779 2375 vivendum
809 2334 845 2374 cet
856 2325 971 2382 Picheooe,
980 2325 1036 2388 quia
1041 2322 1144 2386 sequium
1154 2322 1258 2368 doctam
1263 2335 1322 2382 gen·

268 2393 309 2433 cet.
350 2385 379 2433 In
397 2402 467 2450 regno
486 2390 524 2436 vel
544 2389 639 2453 imperio
653 2398 702 2449 tuo,
717 2390 780 2454 quod
810 2392 878 2437 tiam.
908 2383 1273 2450 Sedhipertineutadreliquum
1280 2398 1322 2432 ex·

268 2450 450 2564 tortili
464 2452 781 2579 blpfflpffi*
811 2448 1322 2570 iin‘ffiiaifflffiw

237 2589 241 2594 ’
269 2580 295 2625 ia
307 2580 389 2639 quieto
400 2580 563 2641 Romaaapac
573 2582 664 2629 aena.
690 2582 782 2630 Plinius
811 2597 877 2628 nam.
904 2580 956 2627 Nec
965 2592 1048 2641 wquar
1057 2575 1185 2639 Ryckium,
1196 2575 1321 2637 quiecod.

269 2642 310 2699 27,
325 2644 345 2689 1.
370 2644 489 2690 immensa
504 2645 695 2705 Romana-pacis
708 2649 779 2708 maje.
811 2646 870 2718 Agr.
882 2642 996 2705 rescripsit
1004 2647 1096 2688 caterva
1106 2641 1202 2702 majore,
1211 2653 1253 2687 nee
1262 2639 1323 2687 Bar-

269 2712 390 2753 staterae
404 2707 507 2754 aarum
523 2708 589 2753 modo
604 2708 703 2755 divertio
718 2711 781 2756 inter
811 2704 1108 2769 rmum,quinnv.to,a
1134 2703 1323 2751 Mcaioramrel

270 2772 627 2833 aeteeageattamqtoveram
637 2773 782 2819 ammaon·
811 2772 969 2818 Marcionem:
997 2766 1202 2830 uoegsnsinsulam
1211 2768 1323 2814 Moesiam

269 2840 304 2881 ter
318 2842 342 2883 et
363 2836 495 2882 excedentia
516 2838 543 2883 ia
564 2836 633 2881 nabe
646 2838 710 2897 juga
721 2851 782 2897 par-
811 2834 848 2882 vel
864 2836 977 2881 Maeciam
1007 2831 1111 2890 abitarit,
1126 2829 1208 2892 corrigi
1226 2830 1323 2878 volebat.

270 2903 351 2958 torque
362 2911 442 2947 eoram
455 2904 477 2945 et
490 2900 571 2946 herbas
582 2912 669 2961 qaoque
680 2901 782 2946 invicem
812 2897 881 2946 Nihil
895 2897 977 2945 melius
989 2894 1046 2953 vidi,
1057 2909 1129 2957 quam
1144 2892 1208 2957 quod
1217 2893 1323 2942 Freinsh-

270 2968 404 3010 ostentante.
441 2962 556 3011 Arrianus
571 2963 596 3009 ln
611 2963 688 3026 Epict.
704 2965 728 3022 3,
741 2965 781 3010 22.
812 2960 900 3009 voluit:
917 2964 1321 3021 mammaemamm-

267 3023 306 3069 ‘Ar
318 3032 351 3077 τίς
360 3044 385 3071 cr
393 3024 462 3089 calpa,
473 3028 575 3089 κραύγαζε
587 3026 629 3079 τὰς
640 3028 701 3085 ivri?
710 3027 783 3087 μέσῳ,
813 3041 856 3083 vae,
864 3032 891 3072 ut
900 3025 925 3071 in
936 3024 1017 3086 Agric-
1028 3038 1048 3071 c·
1056 3023 1096 3077 37.
1108 3021 1323 3085 quedoptimecon-

270 3086 291 3133 al
307 3091 399 3149 Καῖσαρ,
422 3091 442 3135 ir
461 3088 491 3152 τῇ
509 3106 536 3156 cp
555 3090 621 3157 εἰρήνῃ
639 3087 672 3135 ola
688 3090 720 3135 ard
755 3110 782 3137 ω.
812 3088 929 3148 sentitiis
944 3102 997 3151 que
1012 3086 1120 3134 <limatur
1134 3086 1205 3133 αδδ.
1218 3084 1271 3132 init.
1283 3086 1324 3133 ubi

272 3150 336 3214 Ergo
349 3158 545 3215 pacemaostram
558 3158 675 3211 manat,
691 3153 733 3217 qui
759 3169 784 3200 c-
809 3158 997 3215 propugnatores
1006 3150 1120 3197 dicantar.
1130 3147 1202 3195 Ean.
1280 3164 1323 3197 uor

272 3224 369 3264 tractam
390 3216 514 3281 imperium
535 3226 656 3263 nostrum:
679 3216 720 3291 qui
744 3232 784 3265 ve·
814 3216 869 3279 Bip
878 3214 1037 3278 quielwti.
1050 3213 1121 3270 luo.
1132 3210 1166 3258 H.
1174 3213 1246 3270 282.

273 3287 360 3338 rentsrr,
378 3293 407 3327 ne
425 3289 448 3329 et
466 3279 511 3342 ipsi
523 3280 615 3327 retiam
628 3279 652 3327 in
673 3280 784 3328 ditionem
813 3279 874 3342 Jug.
882 3280 919 3327 13.
926 3276 1056 3336 ostendunt,
1065 3276 1324 3339 mattaessapenome

272 3352 382 3390 nostram.
406 3343 626 3407 Sicqncquesupra
637 3344 783 3393 'taciturna
814 3342 922 3391 fordmee
1083 3376 1086 3381 -

273 3408 361 3455 serrari
380 3407 491 3453 Memno
510 3408 616 3466 amores,
637 3422 666 3455 ae
681 3408 784 3470 sorem
818 3434 821 3439 -
846 3407 899 3453 Pro
913 3402 1076 3463 memoro]
1091 3402 1323 3462 Antemunimeata,

272 3472 329 3518 eloti
343 3476 447 3517 aceram
458 3484 544 3530 qaoque
550 3484 633 3531 pacem
643 3474 784 3519 ,turbareris
814 3477 841 3517 ut
854 3472 879 3528 2,
891 3470 930 3517 80.
958 3467 1032 3526 cns,
1048 3470 1088 3515 20.
1121 3466 1168 3515 Sed
1182 3466 1238 3515 alibi
1253 3466 1324 3515 inam

271 3531 316 3581 boc
331 3542 373 3591 est,
389 3532 414 3579 in
427 3532 484 3579 fines
497 3541 585 3580 nostros
600 3533 699 3581 fecererat
708 3535 785 3582 incur·
814 3533 1027 3581 munimentorum:
1043 3531 1076 3579 sic
1092 3532 1132 3587 12,
1146 3531 1183 3578 14.
1202 3530 1241 3590 14,
1252 3530 1291 3584 37.

273 3597 362 3651 sionem
379 3610 421 3643 nos
432 3610 523 3659 quoque
533 3596 680 3644 adorirentur.
691 3597 783 3646 onos.
821 3628 826 3635 -
846 3602 899 3645 Ast
916 3597 1037 3644 maara
1054 3596 1159 3657 mmo]
1181 3594 1274 3652 Nescio,
1293 3609 1324 3641 aa

273 3663 362 3709 Pacem
377 3662 482 3706 {airam
498 3668 532 3707 est
547 3659 571 3706 in
584 3660 620 3707 ed.
634 3674 671 3721 pr.
697 3660 785 3709 Cetera
814 3660 941 3724 elegantius
952 3660 1121 3721 veriusqueaat
1131 3659 1325 3705 mvimtiroter-

273 3724 327 3772 inde
339 3740 353 3771 a
364 3724 453 3771 Puteol
472 3736 551 3770 omncs
563 3739 645 3784 pacem
661 3731 783 3771 audeam:
814 3740 851 3771 aoe
863 3726 928 3788 fhrc,
945 3738 999 3772 voce
1014 3722 1096 3771 deleta·
1114 3722 1190 3769 ere.
1220 3723 1326 3769 rasum

273 3797 341 3836 recte.
372 3786 411 3835 Sic
421 3790 505 3849 pacari
516 3786 785 3850 Routauisscriptoribus
815 3787 886 3835 deleri
902 3788 954 3836 vult
970 3786 1097 3835 etAcidal.
1114 3785 1155 3848 qui
1172 3794 1279 3848 provocet
1294 3784 1325 3832 ad

273 3852 389 3909 dictmtur,
397 3866 450 3914 quae
460 3852 504 3899 sub
514 3850 642 3912 Imperium
651 3851 786 3900 Romanum
815 3852 841 3910 3,
852 3853 891 3899 20.
900 3860 924 3899 ct
934 3851 1014 3900 (ium.
1025 3852 1050 3897 6.
1321 3866 1325 3873 ·

274 3914 497 3977 rediguntnrarmis.
512 3914 585 3963 Ean.
850 3917 955 3977 Quisque
965 3914 1087 3979 religiose]
1105 3913 1184 3962 Guelf.
1200 3911 1289 3974 (Bud.)
1303 3921 1327 3959 et

307 3983 372 4028 Sozoa
378 3980 516 4042 praestruit]
535 3976 573 4027 Sic
587 3979 623 4027 ed.
639 3995 674 4043 pr.
690 3988 713 4027 ct
729 3980 785 4028 MS.
816 3977 852 4025 etl.
869 3995 912 4042 pre
923 3980 1033 4038 reilgioni
1052 3980 1165 4039 qaisquer
1188 3976 1215 4022 it.
1233 3974 1326 4022 Puteol.

274 4044 354 4093 Oxou.
382 4042 418 4089 At
429 4044 519 4090 Puteol.
532 4050 555 4090 et
569 4051 689 4106 sequentes
705 4056 786 4091 omnes
817 4040 870 4088 Alc,
884 4040 1226 4103 Rhea-Ald.·ssryph.1ors.
1259 4036 1326 4086 Bene

274 4106 388 4170 usquead
404 4106 529 4154 Pichcnam
540 4109 621 4153 eceb.-
637 4107 715 4162 malea
732 4121 786 4153 cum
816 4105 936 4165 religione,
958 4118 1012 4152 cum
1030 4103 1185 4165 macrolius,
1206 4102 1223 4149 i.
1240 4117 1259 4148 e.
1272 4117 1326 4151 ,nra

267 4171 387 4231 'precedat
397 4172 511 4217 mantibus
521 4172 610 4215 arduis.
627 4170 698 4215 Era.
778 4202 782 4207 -
815 4167 999 4231 quisquegeutir
1008 4168 1157 4227 morejurat=
1176 4180 1231 4214 nam
1241 4167 1326 4226 religia

308 4234 587 4305 Catervaquemajcrum]
607 4232 787 4293 Legoeateruoe-
816 4229 1120 4304 estreligioraadseyeratio.
1146 4230 1327 4305 §tremuere

275 4296 598 4421 ttttttlilms‘liii
612 4306 655 4422 ἷῖἓ.
668 4296 785 4420 ῗὲιῖἳέξ
816 4294 1325 4421 '‘idiii'tbiiiittltnitn.
