3042 4950
252 247 289 308 rs
664 249 890 310 sumamus:
918 192 925 213 ⁸
1139 250 1190 326 [a.
1204 269 1235 310 υ.
1249 253 1317 312 eoo.

244 409 407 498 equisque,
428 404 461 474 in
475 410 612 497 patrium
627 423 831 498 nostrumque
850 431 978 490 morem,
1000 410 1163 476 exercitus.
1208 411 1314 499 Igitur

246 499 351 561 Caesar
364 509 492 560 auctum
507 496 648 582 pecunia,
657 495 773 561 additis
787 497 825 561 sti
868 493 998 575 toribus,
1008 494 1153 560 hortatur
1167 499 1315 583 “gentile

245 581 341 644 decus
354 603 404 644 ma
449 582 585 646 canimo
598 603 762 668 capessere.
795 581 825 645 Il
839 605 892 645 um
905 581 1054 667 primum,
1069 581 1182 646 Romoe
1196 596 1312 663 crtum,

244 684 302 730 nec
324 663 392 730 obsi
415 689 473 745 em,
497 667 551 732 sed
572 666 681 745 civem,
702 666 746 730 ire
768 678 933 731 externum
953 667 996 730 ad
1018 666 1219 763 Imperium.”
1260 671 1313 733 Ac

269 750 348 815 rimo
362 750 453 814 laetus
469 751 635 816 Germanis
652 749 816 829 adventus,
839 764 933 837 atque
950 775 988 815 eo
1006 775 1116 837 magis,
1131 753 1228 838 quod,
1243 753 1313 817 nnl-

243 773 281 899 lis
294 835 455 900 discordiis
468 836 606 914 inbutus,
628 835 696 923 pari
714 836 748 900 in
766 857 873 901 omnes
886 835 991 900 studio
1003 851 1128 924 ageret:
1151 837 1309 918 celebrari,

243 919 313 998 coli,
328 921 423 986 modo
443 922 619 986 comitatem
637 934 669 985 et
686 922 923 1008 temperantiam
943 921 1022 985 nulli
1040 921 1181 999 invisam,
1198 923 1312 1009 soepius

243 1004 442 1070 vinolentiam
460 1029 497 1070 ac
517 1007 671 1084 libidines,
686 1021 777 1092 grata
794 1005 945 1086 barbaris,
966 1027 1130 1093 usurpans.
1171 1007 1310 1107 Jamque

244 1090 332 1181 apud
350 1091 519 1176 proximos,
539 1093 606 1179 jam
627 1091 677 1154 lou
702 1092 750 1154 'us
769 1092 943 1169 clarescere,
963 1115 1036 1156 cum
1055 1091 1225 1179 potentiam
1242 1113 1311 1179 eJus

245 1187 464 1260 suspectantes,
480 1177 536 1262 qui
555 1177 679 1241 factioni
704 1197 741 1240 us
755 1176 935 1254 floruerant,
950 1176 1113 1241 discedunt
1131 1176 1173 1239 ad
1192 1191 1311 1242 conter-

243 1258 344 1323 minos
364 1259 507 1347 populos,
530 1285 565 1326 ac
586 1260 798 1340 testificantur,
822 1269 843 1300 ‘⁴
863 1261 958 1326 adimi
975 1277 1110 1326 veterem
1131 1261 1309 1327 Germaniae

244 1343 429 1424 libertatem,
441 1357 473 1409 et
484 1348 642 1410 Romanas
650 1369 724 1432 opes
734 1347 913 1433 insurgere:
929 1345 1008 1410 adeo
1021 1347 1187 1424 neminem,
1201 1346 1310 1410 iisdem

245 1428 277 1491 in
293 1430 383 1494 terris
401 1442 516 1509 ortum,
532 1431 588 1518 qui
601 1431 773 1518 principem
787 1431 890 1497 locum
904 1432 946 1495 im
970 1431 1042 1511 leat,
1064 1432 1123 1495 nisi
1137 1431 1311 1518 explorato-

183 1517 192 1534 ·
245 1514 288 1577 ris
312 1513 414 1578 Flavii
435 1516 599 1603 progenies
620 1539 715 1604 snpra
732 1530 860 1584 cunctos
871 1517 946 1599 adto
987 1522 1064 1602 tur?
1093 1519 1226 1581 Frustra
1247 1519 1310 1580 Ar-

244 1598 376 1663 minium
390 1601 566 1686 praescribi:
591 1604 683 1690 cujus
705 1603 730 1666 si
751 1603 845 1681 filius,
860 1601 963 1666 hostili
985 1603 1019 1665 in
1039 1603 1104 1666 solo
1125 1601 1261 1680 adultus,
1276 1602 1309 1664 in

243 1705 378 1770 regnum
405 1687 547 1766 venisset,
577 1710 666 1773 posse
696 1687 865 1766 extimesci,
896 1687 1044 1751 iniectum
1068 1686 1224 1765 alimonio,
1249 1709 1311 1750 ser-

244 1768 332 1847 vitio,
355 1769 454 1850 cultu,
476 1774 621 1837 omnibus
645 1773 799 1837 externis:
829 1787 873 1847 at,
896 1772 921 1835 si
942 1785 1071 1857 paterna
1093 1771 1204 1836 Italico
1224 1792 1311 1835 mens

150 1927 154 1936 1
246 1865 336 1934 esset,
352 1878 415 1920 non
428 1856 525 1920 alium
538 1857 688 1921 infensius
701 1880 788 1921 arma
802 1871 910 1920 contra
922 1857 1055 1942 patriam
1069 1880 1105 1921 ac
1116 1859 1202 1920 Deos
1210 1858 1310 1920 Pena-

244 1951 301 2016 tce,
339 1962 413 2003 uam
427 1956 585 2027 parentem
601 1944 681 2028 ejus,
696 1942 898 2006 exercuisse.”
1178 1984 1181 1994 ·

288 2025 325 2086 X
357 2026 404 2088 Il.
442 2026 504 2088 His
531 2041 625 2110 atque
654 2025 769 2089 talibus
797 2049 926 2110 magnas
952 2025 1057 2110 copias
1080 2048 1225 2111 coegere:
1254 2048 1310 2090 nec

245 2107 405 2204 pauciores
429 2109 574 2172 Italicum
597 2110 825 2194 sequebantur:
860 2116 880 2146 “
899 2131 962 2171 non
986 2108 1068 2170 enim
1092 2108 1244 2172 inruisse
1268 2111 1310 2174 ad

245 2192 369 2270 invitae,
391 2192 446 2256 sed
467 2194 629 2272 accitum,''
648 2193 880 2256 memorabant:
905 2191 1068 2278 “quando
1089 2133 1248 2258 nobilitate
1262 2217 1311 2258 ce·

245 2289 327 2340 teros
350 2277 490 2355 anteiret,
511 2279 657 2342 virtutem
684 2277 912 2364 experirentur,
929 2300 970 2341 an
989 2277 1121 2363 dignum
1144 2301 1175 2342 se
1195 2292 1311 2364 patmo

243 2361 399 2438 Arminio,
433 2385 492 2426 avo
527 2363 709 2442 Cattumero
742 2363 913 2449 praeberet:
948 2385 1004 2426 nec
1033 2375 1153 2448 patrem
1189 2364 1307 2441 rubori,

136 2508 138 2511 .
242 2443 330 2533 quod
351 2446 445 2511 fidem
463 2446 611 2512 adversus
636 2451 806 2526 Romanos,
828 2447 1003 2512 volentibus
1029 2448 1203 2524 Germnnir,
1226 2471 1309 2513 sum-

244 2543 343 2616 ptam,
359 2554 532 2619 numquam
546 2533 714 2597 omisisset:
730 2533 809 2597 falso
822 2532 972 2597 libertatis
985 2532 1173 2596 vocabulum
1183 2534 1311 2598 obtendi

275 2744 355 2805 Atque
365 2758 390 2791 sc
404 2747 489 2805 magis,
506 2746 567 2805 quod
579 2741 661 2803 sauir]
681 2742 761 2791 Veteri
825 2743 1107 2806 Armisiarapraesrrtlt]
1125 2742 1176 2801 Qui
1183 2742 1219 2790 illi
1229 2750 1311 2807 patro.

242 2807 337 2855 Oovarr.
349 2810 427 2856 abesse
437 2810 521 2869 mgb,
533 2808 647 2855 Gruterus
658 2815 760 2855 testatur.
792 2822 829 2866 us,
846 2817 869 2855 st
883 2816 1004 2881 tamquam
1020 2807 1046 2853 in
1061 2808 1111 2867 ejus
1126 2808 1225 2869 gratiam
1235 2808 1308 2855 bono·

244 2872 320 2919 Abest
330 2872 399 2919 etiam
407 2874 437 2919 ab
450 2871 486 2919 ed.
501 2886 537 2934 pr.
563 2873 691 2930 Celebrcrl,
707 2873 761 2930 coli,
793 2886 890 2934 remque
901 2870 1218 2934 Pnncipatuomatusesset.
1234 2872 1312 2919 lars.

244 2950 286 2998 pro
297 2936 460 2995 celebrabatur,
467 2936 592 2983 colebatur.
604 2934 677 2983 Ean.
703 2938 764 2983 Mc·
793 2936 833 2984 cf.
844 2937 869 2995 4,
881 2937 920 2983 52.

241 3000 377 3058 gtssbesta
386 3000 449 3047 Bnd.
824 3000 946 3062 Infectam
962 3001 1086 3064 samonio]
1104 3000 1143 3047 Ita
1159 3016 1173 3047 e
1189 2999 1251 3047 Flcr.
1269 3000 1313 3047 Pi·

275 3066 378 3124 Jamque
391 3065 652 3127 apsrdprcrimcr,jcm
666 3066 761 3125 laragia:
792 3063 872 3111 chenu.
905 3062 952 3112 Ssd
968 3064 1002 3110 sic
1018 3064 1088 3111 etiam
1101 3063 1138 3111 ed.
1154 3079 1191 3125 pr.
1202 3064 1311 3111 Puteola·

243 3128 381 3191 clarescere]
399 3128 499 3176 Sicrstt.
509 3128 562 3175 edd.
573 3128 685 3191 usquead
696 3128 762 3176 Rhe·
792 3141 837 3175 nus
847 3126 947 3175 maurit
954 3126 1106 3186 inalimosia,
1115 3137 1143 3176 ut
1152 3136 1187 3175 est
1196 3128 1221 3174 in
1230 3127 1310 3175 Gnelt'.

244 3205 297 3237 nan.
315 3191 357 3253 qui
374 3208 387 3238 ε
401 3191 450 3239 coll
466 3191 527 3240 Bud.
544 3192 644 3255 recepit:
662 3195 678 3238 t.
698 3195 763 3255 opud
792 3192 855 3239 unde
865 3192 890 3239 in
901 3200 986 3240 ceteras
996 3190 1049 3239 edd.
1058 3191 1134 3239 fluxit
1150 3191 1215 3238 Add.
1226 3191 1309 3239 Burin.

242 3270 284 3317 pr.
300 3256 394 3315 bagis:
406 3255 501 3315 (omisso
517 3256 588 3303 altero
597 3255 680 3319 jam),·
698 3256 762 3321 quod
792 3255 822 3303 cd
833 3257 929 3304 Seston.
940 3254 1015 3317 calig.
1031 3257 1070 3303 42.
1103 3256 1165 3303 Mox
1180 3255 1262 3304 auen.
1274 3270 1309 3304 ac.

245 3326 337 3367 secutus
349 3327 383 3365 est
392 3319 477 3367 Aldus
511 3312 686 3395 Apad‚quccls
697 3322 761 3369 Flor.
792 3319 867 3367 Ean.
895 3319 960 3368 llud.
971 3322 1093 3366 alimonio.
1102 3325 1146 3366 ,αι

245 3398 269 3429 se
288 3382 405 3430 restituere
422 3384 455 3430 ait
476 3383 586 3443 Pichena,
607 3398 632 3431 m
653 3386 762 3434 omnibus
826 3382 1310 3447 Qmsparrsamejsmercuae10m-

244 3446 358 3493 reteribns
369 3448 564 3511 estprimumque
571 3448 596 3495 in
603 3448 715 3512 lipsiam
724 3464 760 3497 re·
791 3462 833 3495 uss
843 3448 925 3496 volunt
931 3454 1052 3511 pmcatem
1065 3447 1142 3495 scribi.
1174 3446 1231 3495 Non
1240 3462 1310 3511 paru·

244 3508 294 3573 peri
304 3512 343 3557 ad.
360 3511 432 3559 Eun.
464 3510 529 3559 Butl.
538 3512 608 3574 opud.
790 3512 870 3570 issem,
880 3511 926 3560 nisi
1014 3511 1111 3559 sicesset
1120 3512 1146 3559 in
1157 3512 1193 3559 sd.
1205 3527 1240 3574 pr.
1260 3512 1310 3558 Pu·

278 3574 419 3635 Principem
436 3577 512 3623 lomm
529 3574 636 3641 impleat]
662 3575 716 3625 Hoc
731 3590 761 3625 ex
791 3575 924 3625 tsolanusd
953 3576 972 3624 't
981 3582 1092 3638 parentes
1101 3590 1156 3623 cnm
1166 3576 1246 3624 ceteris
1259 3589 1324 3623 csn-·

245 3637 310 3685 Flor.
320 3638 384 3686 dedit
395 3638 504 3700 Pichsna,
516 3640 580 3688 etsie
591 3640 687 3688 Tacitus
697 3640 760 3688 alibi.
791 3640 868 3689 nibus.
885 3641 956 3689 Eu.
990 3641 1029 3687 Sic
1039 3648 1063 3687 et
1072 3639 1136 3687 Bud.

154 3748 159 3756 ,
245 3700 310 3749 Vstt.
317 3702 370 3750 edd.
383 3718 463 3751 omnes
474 3711 497 3753 et
507 3704 579 3754 MSS.
587 3704 627 3752 alii
633 3706 761 3767 principis.
827 3707 975 3768 euremaro]
992 3703 1041 3750 Hic
1052 3703 1116 3751 Bud.
1130 3706 1262 3752 Catunmc.

238 3766 318 3813 Eun.
345 3768 383 3817 sic
394 3776 418 3815 st
428 3768 491 3816 Bud.
825 3771 880 3816 Nec
890 3776 985 3831 patrem
1001 3765 1094 3833 umori]
1110 3767 1175 3827 Quia
1190 3784 1222 3815 ιε
1234 3776 1268 3816 est
1284 3767 1309 3815 in

276 3832 357 3892 Supra
373 3840 467 3880 samar
477 3833 616 3895 retollatur]
633 3833 763 3882 Rhenanus
792 3832 848 3881 MS.
864 3834 928 3880 Flor.
943 3842 966 3881 et
984 3832 1020 3880 ed.
1037 3831 1111 3895 princ.
1126 3847 1174 3879 esre
1188 3831 1310 3879 educab-

245 3910 269 3942 se
289 3896 411 3958 castigasse
432 3896 487 3946 dicit
507 3900 637 3957 attollatur,
660 3906 684 3945 et
705 3900 761 3957 solo,
792 3906 827 3944 est
842 3912 857 3943 a
873 3897 929 3944 Μὸ.
947 3897 1073 3945 Uoranus.
1086 3910 1133 3943 non
1148 3895 1252 3945 dubitari
1265 3895 1310 3943 hoc

244 3967 267 4006 st
285 3974 360 4035 possa,
382 3976 426 4035 pro
447 3964 582 4023 extollatur,
601 3965 656 4021 beo,
675 3968 759 4023 postca
791 3960 899 4022 preferre
915 3961 1023 4023 vulgm:
1046 3975 1087 4006 aec
1101 3966 1196 4021 patrem
1214 3961 1250 4006 tus
1267 3974 1310 4005 ra·
1367 3970 1370 3976 ·

244 4024 280 4069 At
290 4038 369 4071 omnm
382 4034 426 4073 rsta
441 4034 495 4073 sunt
508 4026 534 4073 in
544 4026 580 4075 ed.
595 4042 629 4089 pr.
641 4024 760 4088 nisiquod
791 4027 907 4072 tortosae.
934 4025 968 4071 n:
982 4024 1015 4071 sic
1043 4025 1134 4071 lacebat
1149 4024 1202 4071 Jac.
1219 4023 1310 4070 Grono-

243 4089 361 4153 attollitur
369 4089 424 4137 vitio
435 4104 565 4153 operarum,
577 4099 600 4138 et
611 4092 698 4139 nanim
704 4103 760 4150 pcc·
791 4088 836 4137 vio.
866 4088 905 4136 Sic
922 4103 937 4136 ε
955 4088 1005 4136 cod.
1048 4088 1103 4150 gria
1118 4088 1199 4135 laudat
1216 4088 1310 4150 pmbst·

238 4163 267 4195 'se
281 4152 422 4200 Tentasset.
453 4154 595 4203 Puteolanus
612 4153 705 4201 induxit
719 4168 760 4199 er-
790 4168 837 4217 qne
846 4152 959 4201 Heinsius
968 4152 994 4199 in
1002 4152 1061 4201 Obs.
1072 4151 1141 4199 Misc-
1152 4159 1169 4197 t.
1179 4155 1202 4199 tl.
1215 4167 1239 4214 p.
1251 4151 1309 4199 383.

244 4214 348 4273 ἰοὶῑηειιν,
368 4219 423 4277 loco,
441 4226 464 4265 et
477 4226 572 4281 posset,-
595 4218 635 4266 sed
652 4225 761 4265 tamene
789 4217 885 4276 adm.
917 4215 1121 4277 Fcrnraloquurdi
1131 4215 1215 4263 iterum
1231 4228 1310 4263 ocurr-

244 4274 316 4324 Mss
326 4278 389 4327 Nam
397 4290 420 4328 et
427 4282 506 4330 Gnelf.
513 4285 560 4329 laco
568 4291 590 4331 et
594 4288 678 4345 posset
686 4282 759 4328 Eun.
790 4281 821 4328 rit
834 4283 872 4340 14,
886 4282 926 4328 55.
937 4288 961 4328 et
971 4289 1005 4331 cst
1015 4298 1030 4329 s
1040 4279 1109 4333 Livio
1122 4280 1163 4337 45,
1177 4281 1215 4345 l).
1231 4281 1305 4327 Ean.

241 4338 307 4387 Bud.
331 4341 401 4393 habet
423 4349 758 4411 attclbttsriaclcnfflcrsst.
790 4345 1103 4409 Budmcpasremruort.
1136 4344 1174 4393 De
1190 4346 1306 4409 reipssv.

247 4404 377 4456 Temitcrci.
697 4418 699 4424 '
790 4412 816 4472 2,
827 4412 852 4470 9,
866 4410 904 4458 ln.
