<?xml version="1.0" encoding="UTF-8"?>
<!DOCTYPE html PUBLIC "-//W3C//DTD XHTML 1.0 Transitional//EN"
    "http://www.w3.org/TR/xhtml1/DTD/xhtml1-transitional.dtd">
<html xmlns="http://www.w3.org/1999/xhtml" xml:lang="en" lang="en">
 <head>
  <title>
</title>
<meta http-equiv="Content-Type" content="text/html;charset=utf-8" />
  <meta name='ocr-system' content='tesseract 3.04.00' />
  <meta name='ocr-capabilities' content='ocr_page ocr_carea ocr_par ocr_line ocrx_word'/>
</head>
<body>
  <div class='ocr_page' id='page_1' title='image "./ccorneliitaciti01grongoog/ccorneliitaciti01grongoog_0301.png"; bbox 0 0 3042 4950; ppageno 0'>
   <div class='ocr_carea' id='block_1_1' title="bbox 203 194 1269 270">
    <p class='ocr_par' dir='ltr' id='par_1_1' title="bbox 203 194 1269 270">
     <span class='ocr_line' id='line_1_1' title="bbox 203 194 1269 270; baseline -0.002 -18"><span class='ocrx_word' id='word_1_1' title='bbox 203 215 235 253; x_wconf 70' lang='lat' dir='ltr'>s.</span> <span class='ocrx_word' id='word_1_2' title='bbox 251 200 354 270; x_wconf 61' lang='lat' dir='ltr'>aaa]</span> <span class='ocrx_word' id='word_1_3' title='bbox 572 195 645 252; x_wconf 78' lang='lat' dir='ltr'>tin,</span> <span class='ocrx_word' id='word_1_4' title='bbox 668 194 731 250; x_wconf 83' lang='lat' dir='ltr'>xv.</span> <span class='ocrx_word' id='word_1_5' title='bbox 754 194 845 251; x_wconf 77' lang='lat' dir='ltr'>cnr.</span> <span class='ocrx_word' id='word_1_6' title='bbox 868 196 918 250; x_wconf 74' lang='lat' dir='ltr'>ts.</span> <span class='ocrx_word' id='word_1_7' title='bbox 1211 196 1269 255; x_wconf 76' lang='lat' dir='ltr'>aas</span> 
     </span>
    </p>
   </div>
   <div class='ocr_carea' id='block_1_2' title="bbox 202 353 1272 1371">
    <p class='ocr_par' dir='ltr' id='par_1_2' title="bbox 202 353 1272 1371">
     <span class='ocr_line' id='line_1_2' title="bbox 202 353 1272 441; baseline -0.005 -20"><span class='ocrx_word' id='word_1_8' title='bbox 202 358 400 441; x_wconf 82' lang='lat' dir='ltr'>cohibitaque</span> <span class='ocrx_word' id='word_1_9' title='bbox 425 356 628 419; x_wconf 65' lang='lat' dir='ltr'>aedificiorum</span> <span class='ocrx_word' id='word_1_10' title='bbox 651 353 814 416; x_wconf 79' lang='lat' dir='ltr'><strong>altitudine</strong></span> <span class='ocrx_word' id='word_1_11' title='bbox 835 376 871 416; x_wconf 90' lang='lat' dir='ltr'>ac</span> <span class='ocrx_word' id='word_1_12' title='bbox 893 354 1054 438; x_wconf 73' lang='lat' dir='ltr'>patefactis</span> <span class='ocrx_word' id='word_1_13' title='bbox 1074 357 1162 434; x_wconf 82' lang='lat' dir='ltr'>areis,</span> <span class='ocrx_word' id='word_1_14' title='bbox 1177 354 1272 418; x_wconf 77' lang='lat' dir='ltr'>addi-³</span> 
     </span>
     <span class='ocr_line' id='line_1_3' title="bbox 204 437 1263 527; baseline -0.004 -22"><span class='ocrx_word' id='word_1_15' title='bbox 204 442 306 527; x_wconf 91' lang='lat' dir='ltr'>tisque</span> <span class='ocrx_word' id='word_1_16' title='bbox 320 440 497 526; x_wconf 90' lang='lat' dir='ltr'>porticibus,</span> <span class='ocrx_word' id='word_1_17' title='bbox 513 460 585 523; x_wconf 83' lang='lat' dir='ltr'>quae</span> <span class='ocrx_word' id='word_1_18' title='bbox 599 437 731 503; x_wconf 87' lang='lat' dir='ltr'>frontem</span> <span class='ocrx_word' id='word_1_19' title='bbox 747 438 917 500; x_wconf 86' lang='lat' dir='ltr'>insularum</span> <span class='ocrx_word' id='word_1_20' title='bbox 932 454 1138 524; x_wconf 79' lang='lat' dir='ltr'><strong>protegerent.</strong></span> <span class='ocrx_word' id='word_1_21' title='bbox 1162 450 1183 479; x_wconf 90' lang='lat'>“</span> <span class='ocrx_word' id='word_1_22' title='bbox 1198 442 1263 503; x_wconf 86' lang='lat' dir='ltr'>Eas</span> 
     </span>
     <span class='ocr_line' id='line_1_4' title="bbox 205 522 1263 619; baseline -0.002 -30"><span class='ocrx_word' id='word_1_23' title='bbox 205 526 373 612; x_wconf 76' lang='lat' dir='ltr'>porticu5,”</span> <span class='ocrx_word' id='word_1_24' title='bbox 398 524 487 589; x_wconf 88' lang='lat' dir='ltr'>Nero</span> <span class='ocrx_word' id='word_1_25' title='bbox 513 530 606 586; x_wconf 89' lang='lat' dir='ltr'>“sua</span> <span class='ocrx_word' id='word_1_26' title='bbox 629 522 759 607; x_wconf 85' lang='lat' dir='ltr'>pecunia</span> <span class='ocrx_word' id='word_1_27' title='bbox 785 536 1028 599; x_wconf 80' lang='lat' dir='ltr'>exstructurum,</span> <span class='ocrx_word' id='word_1_28' title='bbox 1051 538 1263 619; x_wconf 86' lang='lat' dir='ltr'>purgatasque</span> 
     </span>
     <span class='ocr_line' id='line_1_5' title="bbox 203 606 1260 693; baseline -0.002 -20"><span class='ocrx_word' id='word_1_29' title='bbox 203 634 290 683; x_wconf 81' lang='lat' dir='ltr'>areas</span> <span class='ocrx_word' id='word_1_30' title='bbox 304 607 436 672; x_wconf 86' lang='lat' dir='ltr'>doininis</span> <span class='ocrx_word' id='word_1_31' title='bbox 451 606 670 683; x_wconf 78' lang='lat' dir='ltr'>traditururn,&#39;&#39;</span> <span class='ocrx_word' id='word_1_32' title='bbox 696 606 851 691; x_wconf 79' lang='lat' dir='ltr'>pollicitus</span> <span class='ocrx_word' id='word_1_33' title='bbox 874 621 930 670; x_wconf 92' lang='lat' dir='ltr'>est.</span> <span class='ocrx_word' id='word_1_34' title='bbox 973 608 1109 671; x_wconf 77' lang='lat' dir='ltr'>Addidit</span> <span class='ocrx_word' id='word_1_35' title='bbox 1123 608 1260 693; x_wconf 88' lang='lat' dir='ltr'>praemia,</span> 
     </span>
     <span class='ocr_line' id='line_1_6' title="bbox 205 690 1262 793; baseline -0.002 -36"><span class='ocrx_word' id='word_1_36' title='bbox 205 718 263 793; x_wconf 90' lang='lat' dir='ltr'>pro</span> <span class='ocrx_word' id='word_1_37' title='bbox 273 694 347 779; x_wconf 89' lang='lat' dir='ltr'>cuju</span> <span class='ocrx_word' id='word_1_38' title='bbox 387 716 426 755; x_wconf 91' lang='lat' dir='ltr'>ue</span> <span class='ocrx_word' id='word_1_39' title='bbox 436 692 544 757; x_wconf 81' lang='lat' dir='ltr'>ordine</span> <span class='ocrx_word' id='word_1_40' title='bbox 553 705 584 755; x_wconf 92' lang='lat' dir='ltr'>et</span> <span class='ocrx_word' id='word_1_41' title='bbox 594 690 638 754; x_wconf 89' lang='lat' dir='ltr'>rei</span> <span class='ocrx_word' id='word_1_42' title='bbox 650 690 807 755; x_wconf 85' lang='lat' dir='ltr'>familiaris</span> <span class='ocrx_word' id='word_1_43' title='bbox 818 690 930 777; x_wconf 85' lang='lat' dir='ltr'>copiis:</span> <span class='ocrx_word' id='word_1_44' title='bbox 953 690 1114 777; x_wconf 86' lang='lat' dir='ltr'>finivitque</span> <span class='ocrx_word' id='word_1_45' title='bbox 1129 707 1189 755; x_wconf 91' lang='lat' dir='ltr'>tem</span> <span class='ocrx_word' id='word_1_46' title='bbox 1214 716 1262 769; x_wconf 91' lang='lat' dir='ltr'>us,</span> 
     </span>
     <span class='ocr_line' id='line_1_7' title="bbox 204 715 1225 863; baseline -0.002 -22"><span class='ocrx_word' id='word_1_47' title='bbox 204 795 287 847; x_wconf 76' lang='lat' dir='ltr'>intra</span> <span class='ocrx_word' id='word_1_48' title='bbox 302 715 388 863; x_wconf 74' lang='lat' dir='ltr'>qudd</span> <span class='ocrx_word' id='word_1_49' title='bbox 402 776 518 840; x_wconf 85' lang='lat' dir='ltr'>effectis</span> <span class='ocrx_word' id='word_1_50' title='bbox 531 776 676 839; x_wconf 86' lang='lat' dir='ltr'>domibus</span> <span class='ocrx_word' id='word_1_51' title='bbox 690 791 747 839; x_wconf 86' lang='lat' dir='ltr'>aut</span> <span class='ocrx_word' id='word_1_52' title='bbox 761 776 869 841; x_wconf 89' lang='lat' dir='ltr'>insulis</span> <span class='ocrx_word' id='word_1_53' title='bbox 882 775 1133 861; x_wconf 85' lang='lat' dir='ltr'>adipiscerentur.</span> <span class='ocrx_word' id='word_1_54' title='bbox 1157 784 1177 814; x_wconf 90' lang='lat'><strong>“</strong></span> <span class='ocrx_word' id='word_1_55' title='bbox 1191 716 1225 839; x_wconf 69' lang='lat' dir='ltr'>il</span> 
     </span>
     <span class='ocr_line' id='line_1_8' title="bbox 204 859 1263 947; baseline -0.004 -20"><span class='ocrx_word' id='word_1_56' title='bbox 204 864 269 927; x_wconf 88' lang='lat' dir='ltr'>deri</span> <span class='ocrx_word' id='word_1_57' title='bbox 285 861 462 947; x_wconf 81' lang='lat' dir='ltr'>accipiendo</span> <span class='ocrx_word' id='word_1_58' title='bbox 471 860 628 925; x_wconf 86' lang='lat' dir='ltr'>Ostienses</span> <span class='ocrx_word' id='word_1_59' title='bbox 642 859 790 945; x_wconf 81' lang='lat' dir='ltr'>paludes”</span> <span class='ocrx_word' id='word_1_60' title='bbox 804 861 988 937; x_wconf 89' lang='lat' dir='ltr'>destinabat,</span> <span class='ocrx_word' id='word_1_61' title='bbox 1005 867 1026 899; x_wconf 88' lang='lat'>“</span> <span class='ocrx_word' id='word_1_62' title='bbox 1037 862 1146 947; x_wconf 92' lang='lat' dir='ltr'>utique</span> <span class='ocrx_word' id='word_1_63' title='bbox 1160 884 1263 937; x_wconf 88' lang='lat' dir='ltr'>naves,</span> 
     </span>
     <span class='ocr_line' id='line_1_9' title="bbox 204 945 1265 1033; baseline -0.003 -23"><span class='ocrx_word' id='word_1_64' title='bbox 204 972 277 1033; x_wconf 87' lang='lat' dir='ltr'>quae</span> <span class='ocrx_word' id='word_1_65' title='bbox 298 949 491 1010; x_wconf 87' lang='lat' dir='ltr'>frumentum</span> <span class='ocrx_word' id='word_1_66' title='bbox 509 945 618 1011; x_wconf 87' lang='lat' dir='ltr'>Tiberi</span> <span class='ocrx_word' id='word_1_67' title='bbox 640 946 879 1024; x_wconf 78' lang='lat' dir='ltr'>subvectassent,</span> <span class='ocrx_word' id='word_1_68' title='bbox 894 959 1014 1009; x_wconf 86' lang='lat' dir='ltr'>onustae</span> <span class='ocrx_word' id='word_1_69' title='bbox 1029 947 1141 1009; x_wconf 90' lang='lat' dir='ltr'>rudere</span> <span class='ocrx_word' id='word_1_70' title='bbox 1154 945 1265 1009; x_wconf 72' lang='lat' dir='ltr'>deaut-¹</span> 
     </span>
     <span class='ocr_line' id='line_1_10' title="bbox 204 1029 1263 1116; baseline -0.002 -21"><span class='ocrx_word' id='word_1_71' title='bbox 204 1048 325 1096; x_wconf 77' lang='lat' dir='ltr'>retent:</span> <span class='ocrx_word' id='word_1_72' title='bbox 349 1030 538 1116; x_wconf 82' lang='lat' dir='ltr'>aediflciaque</span> <span class='ocrx_word' id='word_1_73' title='bbox 559 1029 569 1091; x_wconf 92' lang='lat' dir='ltr'>i</span> <span class='ocrx_word' id='word_1_74' title='bbox 593 1053 633 1105; x_wconf 90' lang='lat' dir='ltr'>sa,</span> <span class='ocrx_word' id='word_1_75' title='bbox 656 1043 737 1093; x_wconf 87' lang='lat' dir='ltr'>certa</span> <span class='ocrx_word' id='word_1_76' title='bbox 759 1030 807 1093; x_wconf 92' lang='lat' dir='ltr'>sui</span> <span class='ocrx_word' id='word_1_77' title='bbox 828 1045 927 1115; x_wconf 85' lang='lat' dir='ltr'>parte,</span> <span class='ocrx_word' id='word_1_78' title='bbox 943 1029 1007 1093; x_wconf 91' lang='lat' dir='ltr'>sine</span> <span class='ocrx_word' id='word_1_79' title='bbox 1023 1031 1172 1108; x_wconf 88' lang='lat' dir='ltr'>trabibus,</span> <span class='ocrx_word' id='word_1_80' title='bbox 1188 1054 1263 1094; x_wconf 85' lang='lat' dir='ltr'>saxo</span> 
     </span>
     <span class='ocr_line' id='line_1_11' title="bbox 207 1052 1271 1201; baseline -0.003 -21"><span class='ocrx_word' id='word_1_81' title='bbox 207 1118 334 1181; x_wconf 86' lang='lat' dir='ltr'>Gabino</span> <span class='ocrx_word' id='word_1_82' title='bbox 356 1115 517 1180; x_wconf 85' lang='lat' dir='ltr'>Albanove</span> <span class='ocrx_word' id='word_1_83' title='bbox 539 1052 759 1190; x_wconf 87' lang='lat' dir='ltr'>solidarentur;</span> <span class='ocrx_word' id='word_1_84' title='bbox 787 1115 874 1199; x_wconf 89' lang='lat' dir='ltr'>quod</span> <span class='ocrx_word' id='word_1_85' title='bbox 889 1115 915 1177; x_wconf 90' lang='lat' dir='ltr'>is</span> <span class='ocrx_word' id='word_1_86' title='bbox 929 1114 1006 1199; x_wconf 88' lang='lat' dir='ltr'>lapis</span> <span class='ocrx_word' id='word_1_87' title='bbox 1021 1114 1146 1201; x_wconf 85' lang='lat' dir='ltr'>ignibus</span> <span class='ocrx_word' id='word_1_88' title='bbox 1159 1117 1271 1201; x_wconf 69' lang='lat' dir='ltr'>inpen-</span> 
     </span>
     <span class='ocr_line' id='line_1_12' title="bbox 207 1196 1264 1285; baseline -0.001 -22"><span class='ocrx_word' id='word_1_89' title='bbox 207 1202 277 1264; x_wconf 91' lang='lat' dir='ltr'>vius</span> <span class='ocrx_word' id='word_1_90' title='bbox 299 1214 353 1265; x_wconf 85' lang='lat' dir='ltr'>cst.</span> <span class='ocrx_word' id='word_1_91' title='bbox 408 1202 484 1262; x_wconf 79' lang='lat' dir='ltr'>dam</span> <span class='ocrx_word' id='word_1_92' title='bbox 507 1220 599 1283; x_wconf 87' lang='lat' dir='ltr'>aqua,</span> <span class='ocrx_word' id='word_1_93' title='bbox 624 1196 817 1282; x_wconf 88' lang='lat' dir='ltr'>privatorum</span> <span class='ocrx_word' id='word_1_94' title='bbox 845 1198 968 1262; x_wconf 89' lang='lat' dir='ltr'>licentia</span> <span class='ocrx_word' id='word_1_95' title='bbox 996 1199 1174 1285; x_wconf 83' lang='lat' dir='ltr'>intercepta,</span> <span class='ocrx_word' id='word_1_96' title='bbox 1200 1224 1264 1285; x_wconf 91' lang='lat' dir='ltr'>quo</span> 
     </span>
     <span class='ocr_line' id='line_1_13' title="bbox 207 1280 1266 1371; baseline -0.001 -22"><span class='ocrx_word' id='word_1_97' title='bbox 207 1286 322 1371; x_wconf 85' lang='lat' dir='ltr'>largior</span> <span class='ocrx_word' id='word_1_98' title='bbox 346 1298 377 1347; x_wconf 91' lang='lat' dir='ltr'>et</span> <span class='ocrx_word' id='word_1_99' title='bbox 401 1282 544 1369; x_wconf 90' lang='lat' dir='ltr'>pluribus</span> <span class='ocrx_word' id='word_1_100' title='bbox 571 1280 644 1344; x_wconf 88' lang='lat' dir='ltr'>locis</span> <span class='ocrx_word' id='word_1_101' title='bbox 672 1281 704 1343; x_wconf 92' lang='lat' dir='ltr'>in</span> <span class='ocrx_word' id='word_1_102' title='bbox 732 1282 893 1367; x_wconf 89' lang='lat' dir='ltr'>publicum</span> <span class='ocrx_word' id='word_1_103' title='bbox 921 1281 1041 1360; x_wconf 88' lang='lat' dir='ltr'>flueret,</span> <span class='ocrx_word' id='word_1_104' title='bbox 1067 1285 1210 1348; x_wconf 91' lang='lat' dir='ltr'>custodes</span> <span class='ocrx_word' id='word_1_105' title='bbox 1234 1299 1266 1348; x_wconf 92' lang='lat' dir='ltr'>et</span> 
     </span>
    </p>
   </div>
   <div class='ocr_carea' id='block_1_3' title="bbox 205 1451 1266 1691">
    <p class='ocr_par' dir='ltr' id='par_1_3' title="bbox 205 1451 1266 1691">
     <span class='ocr_line' id='line_1_14' title="bbox 266 1451 1266 1516; baseline -0.002 -13"><span class='ocrx_word' id='word_1_106' title='bbox 266 1457 369 1503; x_wconf 81' lang='lat' dir='ltr'>Celtillta</span> <span class='ocrx_word' id='word_1_107' title='bbox 400 1454 552 1515; x_wconf 56' lang='lat' dir='ltr'>adulatorum</span> <span class='ocrx_word' id='word_1_108' title='bbox 584 1451 718 1516; x_wconf 74' lang='lat' dir='ltr'>altitudine]</span> <span class='ocrx_word' id='word_1_109' title='bbox 751 1452 859 1515; x_wconf 79' lang='lat' dir='ltr'>libusque</span> <span class='ocrx_word' id='word_1_110' title='bbox 876 1453 991 1516; x_wconf 71' lang='lat' dir='ltr'>lapidibus</span> <span class='ocrx_word' id='word_1_111' title='bbox 1008 1452 1125 1515; x_wconf 84' lang='lat' dir='ltr'>imperviis</span> <span class='ocrx_word' id='word_1_112' title='bbox 1146 1452 1195 1515; x_wconf 88' lang='lat' dir='ltr'>igni</span> <span class='ocrx_word' id='word_1_113' title='bbox 1214 1455 1266 1501; x_wconf 82' lang='lat' dir='ltr'>ride</span> 
     </span>
     <span class='ocr_line' id='line_1_15' title="bbox 206 1515 1266 1580; baseline -0.002 -13"><span class='ocrx_word' id='word_1_114' title='bbox 206 1520 278 1579; x_wconf 88' lang='lat' dir='ltr'>Quod</span> <span class='ocrx_word' id='word_1_115' title='bbox 294 1522 344 1580; x_wconf 88' lang='lat' dir='ltr'>jam</span> <span class='ocrx_word' id='word_1_116' title='bbox 363 1527 416 1566; x_wconf 88' lang='lat' dir='ltr'>ante</span> <span class='ocrx_word' id='word_1_117' title='bbox 432 1520 555 1577; x_wconf 85' lang='lat' dir='ltr'>Augustus</span> <span class='ocrx_word' id='word_1_118' title='bbox 571 1517 662 1573; x_wconf 67' lang='lat' dir='ltr'>smeret,</span> <span class='ocrx_word' id='word_1_119' title='bbox 682 1532 719 1563; x_wconf 84' lang='lat' dir='ltr'>ea-</span> <span class='ocrx_word' id='word_1_120' title='bbox 753 1516 887 1563; x_wconf 82' lang='lat' dir='ltr'>Vitruvium</span> <span class='ocrx_word' id='word_1_121' title='bbox 910 1522 934 1575; x_wconf 73' lang='lat'>2,</span> <span class='ocrx_word' id='word_1_122' title='bbox 957 1519 979 1566; x_wconf 86' lang='lat'>7.</span> <span class='ocrx_word' id='word_1_123' title='bbox 1022 1517 1096 1565; x_wconf 78' lang='lat' dir='ltr'>Iura.</span> <span class='ocrx_word' id='word_1_124' title='bbox 1139 1515 1266 1565; x_wconf 79' lang='lat' dir='ltr'>contundit</span> 
     </span>
     <span class='ocr_line' id='line_1_16' title="bbox 205 1579 1265 1691; baseline -0.002 -61"><span class='ocrx_word' id='word_1_125' title='bbox 205 1585 258 1631; x_wconf 87' lang='lat' dir='ltr'>dem</span> <span class='ocrx_word' id='word_1_126' title='bbox 276 1584 331 1639; x_wconf 86' lang='lat' dir='ltr'>fini;</span> <span class='ocrx_word' id='word_1_127' title='bbox 351 1582 376 1629; x_wconf 92' lang='lat' dir='ltr'>id</span> <span class='ocrx_word' id='word_1_128' title='bbox 394 1590 437 1641; x_wconf 78' lang='lat' dir='ltr'>est,</span> <span class='ocrx_word' id='word_1_129' title='bbox 457 1580 487 1627; x_wconf 80' lang='lat' dir='ltr'>ad</span> <span class='ocrx_word' id='word_1_130' title='bbox 503 1580 608 1627; x_wconf 84' lang='lat' dir='ltr'>incendis</span> <span class='ocrx_word' id='word_1_131' title='bbox 624 1579 720 1626; x_wconf 86' lang='lat' dir='ltr'>arcenda</span> <span class='ocrx_word' id='word_1_132' title='bbox 752 1594 806 1625; x_wconf 88' lang='lat' dir='ltr'>cum</span> <span class='ocrx_word' id='word_1_133' title='bbox 824 1594 880 1627; x_wconf 82' lang='lat' dir='ltr'>saxo</span> <span class='ocrx_word' id='word_1_134' title='bbox 891 1596 905 1627; x_wconf 89' lang='lat' dir='ltr'>e</span> <span class='ocrx_word' id='word_1_135' title='bbox 917 1581 1036 1627; x_wconf 87' lang='lat' dir='ltr'>lautumiis</span> <span class='ocrx_word' id='word_1_136' title='bbox 1052 1580 1148 1627; x_wconf 86' lang='lat' dir='ltr'>Gabinis</span> <span class='ocrx_word' id='word_1_137' title='bbox 1165 1581 1265 1691; x_wconf 78' lang='lat' dir='ltr'>lapidem</span> 
     </span>
    </p>
   </div>
   <div class='ocr_carea' id='block_1_4' title="bbox 107 1642 1336 1707">
    <p class='ocr_par' dir='ltr' id='par_1_4' title="bbox 107 1642 1336 1707">
     <span class='ocr_line' id='line_1_17' title="bbox 107 1642 1336 1707; baseline 0 -16"><span class='ocrx_word' id='word_1_138' title='bbox 107 1680 113 1691; x_wconf 87' lang='lat'>.</span> <span class='ocrx_word' id='word_1_139' title='bbox 205 1657 227 1695; x_wconf 89' lang='lat' dir='ltr'>et</span> <span class='ocrx_word' id='word_1_140' title='bbox 245 1647 351 1695; x_wconf 84' lang='lat' dir='ltr'>maxime</span> <span class='ocrx_word' id='word_1_141' title='bbox 367 1646 452 1705; x_wconf 71' lang='lat' dir='ltr'>ruinas,</span> <span class='ocrx_word' id='word_1_142' title='bbox 472 1644 554 1691; x_wconf 87' lang='lat' dir='ltr'>Strabo</span> <span class='ocrx_word' id='word_1_143' title='bbox 564 1644 581 1689; x_wconf 94' lang='grc'>1.</span> <span class='ocrx_word' id='word_1_144' title='bbox 593 1648 615 1691; x_wconf 84' lang='grc'>5.</span> <span class='ocrx_word' id='word_1_145' title='bbox 626 1659 651 1705; x_wconf 86' lang='lat' dir='ltr'>p.</span> <span class='ocrx_word' id='word_1_146' title='bbox 664 1645 719 1691; x_wconf 79' lang='lat'>235.</span> <span class='ocrx_word' id='word_1_147' title='bbox 753 1642 875 1702; x_wconf 85' lang='lat' dir='ltr'>Sabinum,</span> <span class='ocrx_word' id='word_1_148' title='bbox 893 1652 916 1691; x_wconf 86' lang='lat' dir='ltr'>et</span> <span class='ocrx_word' id='word_1_149' title='bbox 932 1658 1050 1707; x_wconf 79' lang='lat' dir='ltr'>perperam</span> <span class='ocrx_word' id='word_1_150' title='bbox 1068 1644 1131 1706; x_wconf 86' lang='lat' dir='ltr'>apud</span> <span class='ocrx_word' id='word_1_151' title='bbox 1149 1645 1183 1691; x_wconf 89' lang='lat' dir='ltr'>Isi</span> <span class='ocrx_word' id='word_1_152' title='bbox 1198 1660 1265 1692; x_wconf 90' lang='lat' dir='ltr'>orum</span> <span class='ocrx_word' id='word_1_153' title='bbox 1334 1659 1336 1668; x_wconf 53' lang='lat'>‘</span> 
     </span>
    </p>
   </div>
   <div class='ocr_carea' id='block_1_5' title="bbox 202 1705 1337 3168">
    <p class='ocr_par' dir='ltr' id='par_1_5' title="bbox 202 1705 1337 3168">
     <span class='ocr_line' id='line_1_18' title="bbox 205 1705 1266 1771; baseline -0.001 -16"><span class='ocrx_word' id='word_1_154' title='bbox 205 1706 719 1771; x_wconf 53' lang='lat' dir='ltr'>lielrdlrhconprrrdrucridden-roisnato&amp;</span> <span class='ocrx_word' id='word_1_155' title='bbox 750 1705 814 1753; x_wconf 86' lang='lat' dir='ltr'>hunc</span> <span class='ocrx_word' id='word_1_156' title='bbox 829 1706 854 1752; x_wconf 86' lang='lat' dir='ltr'>in</span> <span class='ocrx_word' id='word_1_157' title='bbox 870 1707 931 1755; x_wconf 88' lang='lat' dir='ltr'>illud</span> <span class='ocrx_word' id='word_1_158' title='bbox 945 1717 1078 1755; x_wconf 81' lang='lat' dir='ltr'>commutat.</span> <span class='ocrx_word' id='word_1_159' title='bbox 1110 1707 1266 1770; x_wconf 60' lang='grc'><strong>[1811138111-</strong></span> 
     </span>
     <span class='ocr_line' id='line_1_19' title="bbox 204 1768 1267 1834; baseline 0 -16"><span class='ocrx_word' id='word_1_160' title='bbox 204 1772 494 1834; x_wconf 30' lang='grc' dir='ltr'>οἶιοδομημάταηικαθιλὼν,</span> <span class='ocrx_word' id='word_1_161' title='bbox 503 1770 537 1815; x_wconf 76' lang='grc' dir='ltr'>καὶ</span> <span class='ocrx_word' id='word_1_162' title='bbox 548 1771 651 1822; x_wconf 76' lang='grc' dir='ltr'>κωλύσας</span> <span class='ocrx_word' id='word_1_163' title='bbox 662 1770 722 1830; x_wconf 63' lang='lat' dir='ltr'>ttet-</span> <span class='ocrx_word' id='word_1_164' title='bbox 750 1768 920 1818; x_wconf 87' lang='lat' dir='ltr'>nusesilicum</span> <span class='ocrx_word' id='word_1_165' title='bbox 939 1785 1022 1833; x_wconf 82' lang='lat' dir='ltr'>genere</span> <span class='ocrx_word' id='word_1_166' title='bbox 1039 1770 1092 1830; x_wconf 82' lang='lat' dir='ltr'>fuit,</span> <span class='ocrx_word' id='word_1_167' title='bbox 1111 1780 1134 1818; x_wconf 86' lang='lat' dir='ltr'>et</span> <span class='ocrx_word' id='word_1_168' title='bbox 1149 1781 1267 1833; x_wconf 80' lang='lat' dir='ltr'>propterea</span> 
     </span>
     <span class='ocr_line' id='line_1_20' title="bbox 204 1832 1266 1901; baseline 0.002 -20"><span class='ocrx_word' id='word_1_169' title='bbox 204 1833 717 1901; x_wconf 62' lang='lat' dir='ltr'>frtrroddrdrbrrplcraisidoirrai‘cdnpaasalc.</span> <span class='ocrx_word' id='word_1_170' title='bbox 750 1847 798 1879; x_wconf 84' lang='grc'><strong>11011</strong></span> <span class='ocrx_word' id='word_1_171' title='bbox 817 1832 849 1881; x_wconf 79' lang='lat' dir='ltr'>sic</span> <span class='ocrx_word' id='word_1_172' title='bbox 865 1842 933 1897; x_wconf 74' lang='lat' dir='ltr'>aptus</span> <span class='ocrx_word' id='word_1_173' title='bbox 950 1834 1058 1882; x_wconf 74' lang='lat' dir='ltr'>aedlficiis.</span> <span class='ocrx_word' id='word_1_174' title='bbox 1091 1833 1160 1883; x_wconf 77' lang='lat' dir='ltr'>Chre</span> <span class='ocrx_word' id='word_1_175' title='bbox 1177 1834 1266 1883; x_wconf 72' lang='lat' dir='ltr'>Plinius</span> 
     </span>
     <span class='ocr_line' id='line_1_21' title="bbox 205 1895 1267 1962; baseline -0.001 -15"><span class='ocrx_word' id='word_1_176' title='bbox 205 1900 250 1947; x_wconf 82' lang='lat' dir='ltr'>Sed</span> <span class='ocrx_word' id='word_1_177' title='bbox 264 1908 286 1947; x_wconf 89' lang='lat' dir='ltr'>et</span> <span class='ocrx_word' id='word_1_178' title='bbox 302 1909 356 1946; x_wconf 81' lang='lat' dir='ltr'>anta</span> <span class='ocrx_word' id='word_1_179' title='bbox 366 1898 503 1959; x_wconf 83' lang='lat' dir='ltr'>Augustum</span> <span class='ocrx_word' id='word_1_180' title='bbox 519 1895 622 1943; x_wconf 86' lang='lat' dir='ltr'>Rutilius</span> <span class='ocrx_word' id='word_1_181' title='bbox 637 1896 720 1943; x_wconf 84' lang='lat' dir='ltr'>oratio-</span> <span class='ocrx_word' id='word_1_182' title='bbox 750 1897 792 1954; x_wconf 83' lang='lat'>36,</span> <span class='ocrx_word' id='word_1_183' title='bbox 813 1898 850 1943; x_wconf 86' lang='lat'>18.</span> <span class='ocrx_word' id='word_1_184' title='bbox 870 1899 933 1957; x_wconf 77' lang='lat'>(29.)</span> <span class='ocrx_word' id='word_1_185' title='bbox 954 1913 967 1946; x_wconf 88' lang='lat' dir='ltr'>e</span> <span class='ocrx_word' id='word_1_186' title='bbox 984 1912 1031 1960; x_wconf 89' lang='lat' dir='ltr'>quo</span> <span class='ocrx_word' id='word_1_187' title='bbox 1052 1899 1204 1962; x_wconf 76' lang='lat' dir='ltr'>nmssmipsit</span> <span class='ocrx_word' id='word_1_188' title='bbox 1222 1899 1267 1946; x_wconf 91' lang='lat' dir='ltr'>Isi-</span> 
     </span>
     <span class='ocr_line' id='line_1_22' title="bbox 205 1958 1265 2018; baseline -0.001 -8"><span class='ocrx_word' id='word_1_189' title='bbox 205 1978 258 2010; x_wconf 89' lang='lat' dir='ltr'>nem</span> <span class='ocrx_word' id='word_1_190' title='bbox 280 1963 375 2017; x_wconf 74' lang='lat' dir='ltr'>dixerat,</span> <span class='ocrx_word' id='word_1_191' title='bbox 403 1960 442 2008; x_wconf 85' lang='lat' dir='ltr'>De</span> <span class='ocrx_word' id='word_1_192' title='bbox 465 1958 535 2007; x_wconf 89' lang='lat' dir='ltr'>modo</span> <span class='ocrx_word' id='word_1_193' title='bbox 563 1959 719 2007; x_wconf 76' lang='lat' dir='ltr'>edificiorum.</span> <span class='ocrx_word' id='word_1_194' title='bbox 750 1960 836 2007; x_wconf 85' lang='lat' dir='ltr'>dorus:</span> <span class='ocrx_word' id='word_1_195' title='bbox 860 1964 936 2009; x_wconf 82' lang='lat' dir='ltr'>Varro</span> <span class='ocrx_word' id='word_1_196' title='bbox 953 1964 1035 2018; x_wconf 77' lang='lat' dir='ltr'>tradit,</span> <span class='ocrx_word' id='word_1_197' title='bbox 1051 1963 1164 2009; x_wconf 73' lang='lat' dir='ltr'>Sannum</span> <span class='ocrx_word' id='word_1_198' title='bbox 1178 1964 1265 2009; x_wconf 79' lang='lat' dir='ltr'>silicem</span> 
     </span>
     <span class='ocr_line' id='line_1_23' title="bbox 205 2022 1267 2089; baseline -0.002 -16"><span class='ocrx_word' id='word_1_199' title='bbox 205 2028 237 2073; x_wconf 82' lang='lat' dir='ltr'>lit</span> <span class='ocrx_word' id='word_1_200' title='bbox 256 2028 379 2088; x_wconf 87' lang='lat' dir='ltr'>Angustus</span> <span class='ocrx_word' id='word_1_201' title='bbox 394 2024 489 2089; x_wconf 89' lang='lat' dir='ltr'>quidem</span> <span class='ocrx_word' id='word_1_202' title='bbox 508 2022 577 2085; x_wconf 83' lang='lat' dir='ltr'>pedes</span> <span class='ocrx_word' id='word_1_203' title='bbox 593 2026 625 2073; x_wconf 87' lang='lat'>70</span> <span class='ocrx_word' id='word_1_204' title='bbox 641 2022 721 2071; x_wconf 86' lang='lat' dir='ltr'>tollere</span> <span class='ocrx_word' id='word_1_205' title='bbox 744 2025 845 2087; x_wconf 71' lang='lat' dir='ltr'>furam</span> <span class='ocrx_word' id='word_1_206' title='bbox 855 2026 935 2073; x_wconf 81' lang='lat' dir='ltr'>addtro</span> <span class='ocrx_word' id='word_1_207' title='bbox 946 2027 992 2071; x_wconf 83' lang='lat' dir='ltr'>oleo</span> <span class='ocrx_word' id='word_1_208' title='bbox 1001 2027 1072 2071; x_wconf 81' lang='lat' dir='ltr'>cllum</span> <span class='ocrx_word' id='word_1_209' title='bbox 1084 2026 1166 2073; x_wconf 82' lang='lat' dir='ltr'>lucere.</span> <span class='ocrx_word' id='word_1_210' title='bbox 1184 2027 1267 2072; x_wconf 83' lang='lat' dir='ltr'>Altera</span> 
     </span>
     <span class='ocr_line' id='line_1_24' title="bbox 202 2087 1266 2151; baseline -0.002 -16"><span class='ocrx_word' id='word_1_211' title='bbox 202 2090 324 2151; x_wconf 81' lang='lat' dir='ltr'>permisit:</span> <span class='ocrx_word' id='word_1_212' title='bbox 351 2089 466 2149; x_wconf 87' lang='lat' dir='ltr'>Trajanus</span> <span class='ocrx_word' id='word_1_213' title='bbox 481 2087 604 2134; x_wconf 82' lang='lat' dir='ltr'>dumtaxat</span> <span class='ocrx_word' id='word_1_214' title='bbox 624 2087 672 2143; x_wconf 73' lang='lat'>⁰⁰3</span> <span class='ocrx_word' id='word_1_215' title='bbox 693 2097 722 2134; x_wconf 90' lang='lat' dir='ltr'>ut</span> <span class='ocrx_word' id='word_1_216' title='bbox 751 2088 874 2134; x_wconf 83' lang='lat' dir='ltr'>verbonrm</span> <span class='ocrx_word' id='word_1_217' title='bbox 892 2088 976 2135; x_wconf 85' lang='lat' dir='ltr'>Isidori</span> <span class='ocrx_word' id='word_1_218' title='bbox 993 2103 1046 2149; x_wconf 86' lang='lat' dir='ltr'>pars</span> <span class='ocrx_word' id='word_1_219' title='bbox 1064 2088 1093 2134; x_wconf 95' lang='lat' dir='ltr'>de</span> <span class='ocrx_word' id='word_1_220' title='bbox 1108 2088 1185 2151; x_wconf 79' lang='lat' dir='ltr'>lapide</span> <span class='ocrx_word' id='word_1_221' title='bbox 1199 2088 1266 2135; x_wconf 83' lang='lat' dir='ltr'>viridi</span> 
     </span>
     <span class='ocr_line' id='line_1_25' title="bbox 204 2150 1265 2215; baseline 0 -16"><span class='ocrx_word' id='word_1_222' title='bbox 204 2162 268 2201; x_wconf 85' lang='lat' dir='ltr'>notat</span> <span class='ocrx_word' id='word_1_223' title='bbox 278 2154 333 2201; x_wconf 83' lang='lat' dir='ltr'>Sex.</span> <span class='ocrx_word' id='word_1_224' title='bbox 343 2152 456 2199; x_wconf 85' lang='lat' dir='ltr'>Aurelius</span> <span class='ocrx_word' id='word_1_225' title='bbox 468 2151 523 2213; x_wconf 83' lang='lat' dir='ltr'>epit.</span> <span class='ocrx_word' id='word_1_226' title='bbox 537 2152 573 2198; x_wconf 88' lang='grc'>13.</span> <span class='ocrx_word' id='word_1_227' title='bbox 585 2150 627 2213; x_wconf 91' lang='lat' dir='ltr'>qui</span> <span class='ocrx_word' id='word_1_228' title='bbox 638 2150 720 2197; x_wconf 90' lang='lat' dir='ltr'>modus</span> <span class='ocrx_word' id='word_1_229' title='bbox 751 2150 831 2197; x_wconf 83' lang='lat' dir='ltr'>itidem</span> <span class='ocrx_word' id='word_1_230' title='bbox 851 2165 864 2198; x_wconf 87' lang='lat' dir='ltr'>e</span> <span class='ocrx_word' id='word_1_231' title='bbox 881 2152 958 2197; x_wconf 88' lang='lat' dir='ltr'>Plinio</span> <span class='ocrx_word' id='word_1_232' title='bbox 977 2161 1012 2199; x_wconf 84' lang='lat' dir='ltr'>est</span> <span class='ocrx_word' id='word_1_233' title='bbox 1029 2150 1044 2197; x_wconf 89' lang='grc'>1.</span> <span class='ocrx_word' id='word_1_234' title='bbox 1064 2150 1087 2197; x_wconf 90' lang='lat' dir='ltr'>d.</span> <span class='ocrx_word' id='word_1_235' title='bbox 1105 2166 1125 2199; x_wconf 85' lang='lat' dir='ltr'>c.</span> <span class='ocrx_word' id='word_1_236' title='bbox 1142 2155 1181 2199; x_wconf 75' lang='lat'>22.</span> <span class='ocrx_word' id='word_1_237' title='bbox 1201 2150 1265 2215; x_wconf 90' lang='grc'><strong>(49.)</strong></span> 
     </span>
     <span class='ocr_line' id='line_1_26' title="bbox 204 2212 989 2265; baseline -0.005 -2"><span class='ocrx_word' id='word_1_238' title='bbox 204 2218 297 2265; x_wconf 71' lang='lat' dir='ltr'>formasa</span> <span class='ocrx_word' id='word_1_239' title='bbox 307 2226 330 2263; x_wconf 86' lang='lat' dir='ltr'>et</span> <span class='ocrx_word' id='word_1_240' title='bbox 342 2216 489 2264; x_wconf 83' lang='lat' dir='ltr'>Neronianus</span> <span class='ocrx_word' id='word_1_241' title='bbox 499 2214 550 2261; x_wconf 85' lang='lat' dir='ltr'>fuit.</span> <span class='ocrx_word' id='word_1_242' title='bbox 575 2214 650 2261; x_wconf 81' lang='lat' dir='ltr'>lues.</span> <span class='ocrx_word' id='word_1_243' title='bbox 673 2212 719 2262; x_wconf 88' lang='lat' dir='ltr'>Co·</span> <span class='ocrx_word' id='word_1_244' title='bbox 753 2214 881 2261; x_wconf 79' lang='lat' dir='ltr'>Reinesius</span> <span class='ocrx_word' id='word_1_245' title='bbox 900 2216 989 2261; x_wconf 66' lang='lat' dir='ltr'>runs.</span> 
     </span>
     <span class='ocr_line' id='line_1_27' title="bbox 205 2276 1266 2343; baseline 0 -17"><span class='ocrx_word' id='word_1_246' title='bbox 205 2279 518 2343; x_wconf 57' lang='lat' dir='ltr'>,adsertoresque</span> <span class='ocrx_word' id='word_1_247' title='bbox 534 2278 594 2341; x_wconf 91' lang='lat' dir='ltr'>Agr.</span> <span class='ocrx_word' id='word_1_248' title='bbox 614 2292 655 2339; x_wconf 84' lang='lat' dir='ltr'>per</span> <span class='ocrx_word' id='word_1_249' title='bbox 670 2279 720 2340; x_wconf 87' lang='lat' dir='ltr'>Ry·</span> <span class='ocrx_word' id='word_1_250' title='bbox 785 2278 913 2337; x_wconf 69' lang='lat' dir='ltr'>Albanove]</span> <span class='ocrx_word' id='word_1_251' title='bbox 938 2278 976 2326; x_wconf 78' lang='lat' dir='ltr'>sic</span> <span class='ocrx_word' id='word_1_252' title='bbox 998 2278 1071 2325; x_wconf 82' lang='lat' dir='ltr'>MSS.</span> <span class='ocrx_word' id='word_1_253' title='bbox 1093 2278 1154 2325; x_wconf 80' lang='lat' dir='ltr'>Flor.</span> <span class='ocrx_word' id='word_1_254' title='bbox 1179 2276 1266 2341; x_wconf 89' lang='lat' dir='ltr'>(Bud.)</span> 
     </span>
     <span class='ocr_line' id='line_1_28' title="bbox 205 2340 1268 2404; baseline -0.002 -13"><span class='ocrx_word' id='word_1_255' title='bbox 205 2343 289 2391; x_wconf 76' lang='lat' dir='ltr'>chium.</span> <span class='ocrx_word' id='word_1_256' title='bbox 324 2345 367 2391; x_wconf 82' lang='lat' dir='ltr'>Est</span> <span class='ocrx_word' id='word_1_257' title='bbox 378 2343 446 2391; x_wconf 83' lang='lat' dir='ltr'>etism</span> <span class='ocrx_word' id='word_1_258' title='bbox 463 2343 487 2389; x_wconf 89' lang='lat' dir='ltr'>in</span> <span class='ocrx_word' id='word_1_259' title='bbox 503 2340 537 2388; x_wconf 81' lang='lat' dir='ltr'>ed</span> <span class='ocrx_word' id='word_1_260' title='bbox 550 2357 585 2404; x_wconf 85' lang='lat' dir='ltr'>pr.</span> <span class='ocrx_word' id='word_1_261' title='bbox 604 2343 644 2403; x_wconf 90' lang='lat' dir='ltr'>(ln</span> <span class='ocrx_word' id='word_1_262' title='bbox 658 2341 718 2388; x_wconf 87' lang='lat' dir='ltr'>Bud.</span> <span class='ocrx_word' id='word_1_263' title='bbox 753 2341 810 2403; x_wconf 86' lang='lat' dir='ltr'>Agr.</span> <span class='ocrx_word' id='word_1_264' title='bbox 825 2340 903 2389; x_wconf 81' lang='lat' dir='ltr'>Guels.</span> <span class='ocrx_word' id='word_1_265' title='bbox 916 2342 950 2388; x_wconf 85' lang='lat' dir='ltr'>ed.</span> <span class='ocrx_word' id='word_1_266' title='bbox 963 2356 996 2403; x_wconf 91' lang='lat' dir='ltr'>pr.</span> <span class='ocrx_word' id='word_1_267' title='bbox 1010 2341 1065 2389; x_wconf 87' lang='lat' dir='ltr'>Put.</span> <span class='ocrx_word' id='word_1_268' title='bbox 1077 2342 1131 2389; x_wconf 86' lang='lat' dir='ltr'>Ber.</span> <span class='ocrx_word' id='word_1_269' title='bbox 1145 2343 1195 2398; x_wconf 79' lang='lat' dir='ltr'>Qut</span> <span class='ocrx_word' id='word_1_270' title='bbox 1205 2358 1268 2397; x_wconf 86' lang='lat' dir='ltr'>casu,</span> 
     </span>
     <span class='ocr_line' id='line_1_29' title="bbox 205 2404 1308 2479; baseline -0.001 -26"><span class='ocrx_word' id='word_1_271' title='bbox 205 2407 286 2471; x_wconf 82' lang='lat' dir='ltr'>deest)</span> <span class='ocrx_word' id='word_1_272' title='bbox 297 2408 403 2455; x_wconf 78' lang='lat' dir='ltr'>Morcus</span> <span class='ocrx_word' id='word_1_273' title='bbox 411 2406 484 2454; x_wconf 88' lang='lat' dir='ltr'>MSS.</span> <span class='ocrx_word' id='word_1_274' title='bbox 494 2405 717 2467; x_wconf 85' lang='lat' dir='ltr'>Flor.(Bud.)Agr.&#39;</span> <span class='ocrx_word' id='word_1_275' title='bbox 751 2414 778 2451; x_wconf 90' lang='lat' dir='ltr'>ut</span> <span class='ocrx_word' id='word_1_276' title='bbox 796 2404 886 2467; x_wconf 86' lang='lat' dir='ltr'>opinor,</span> <span class='ocrx_word' id='word_1_277' title='bbox 904 2404 996 2468; x_wconf 83' lang='lat' dir='ltr'>irrepsit</span> <span class='ocrx_word' id='word_1_278' title='bbox 1011 2405 1035 2479; x_wconf 80' lang='lat' dir='ltr'>ip</span> <span class='ocrx_word' id='word_1_279' title='bbox 1056 2404 1091 2453; x_wconf 85' lang='lat' dir='ltr'>ed.</span> <span class='ocrx_word' id='word_1_280' title='bbox 1101 2405 1187 2453; x_wconf 77' lang='lat' dir='ltr'>&#39;Rhen.</span> <span class='ocrx_word' id='word_1_281' title='bbox 1206 2406 1268 2453; x_wconf 89' lang='lat' dir='ltr'>unde</span> <span class='ocrx_word' id='word_1_282' title='bbox 1304 2434 1308 2442; x_wconf 64' lang='lat'><em>=</em></span> 
     </span>
     <span class='ocr_line' id='line_1_30' title="bbox 205 2467 1267 2533; baseline -0.002 -13"><span class='ocrx_word' id='word_1_283' title='bbox 205 2472 283 2520; x_wconf 87' lang='lat' dir='ltr'>Guelf.</span> <span class='ocrx_word' id='word_1_284' title='bbox 302 2472 338 2519; x_wconf 86' lang='lat' dir='ltr'>ed.</span> <span class='ocrx_word' id='word_1_285' title='bbox 359 2487 393 2533; x_wconf 88' lang='lat' dir='ltr'>pr.</span> <span class='ocrx_word' id='word_1_286' title='bbox 414 2480 436 2518; x_wconf 88' lang='lat' dir='ltr'>et</span> <span class='ocrx_word' id='word_1_287' title='bbox 455 2477 510 2518; x_wconf 83' lang='lat' dir='ltr'>vett.</span> <span class='ocrx_word' id='word_1_288' title='bbox 530 2484 615 2516; x_wconf 85' lang='lat' dir='ltr'>omnes.</span> <span class='ocrx_word' id='word_1_289' title='bbox 657 2469 719 2518; x_wconf 85' lang='lat' dir='ltr'>Casu</span> <span class='ocrx_word' id='word_1_290' title='bbox 750 2467 782 2515; x_wconf 88' lang='lat' dir='ltr'>ad</span> <span class='ocrx_word' id='word_1_291' title='bbox 802 2479 887 2516; x_wconf 85' lang='lat' dir='ltr'>ceteras</span> <span class='ocrx_word' id='word_1_292' title='bbox 909 2484 951 2531; x_wconf 83' lang='lat' dir='ltr'>pro</span> <span class='ocrx_word' id='word_1_293' title='bbox 997 2478 1069 2516; x_wconf 85' lang='lat' dir='ltr'>atum.</span> <span class='ocrx_word' id='word_1_294' title='bbox 1104 2469 1185 2518; x_wconf 70' lang='lat' dir='ltr'>vetus</span> <span class='ocrx_word' id='word_1_295' title='bbox 1204 2470 1267 2518; x_wconf 84' lang='lat' dir='ltr'>resti·</span> 
     </span>
     <span class='ocr_line' id='line_1_31' title="bbox 203 2531 1267 2598; baseline -0.001 -17"><span class='ocrx_word' id='word_1_296' title='bbox 203 2551 283 2597; x_wconf 75' lang='lat' dir='ltr'>roegus</span> <span class='ocrx_word' id='word_1_297' title='bbox 304 2536 394 2598; x_wconf 84' lang='lat' dir='ltr'>irrepsit</span> <span class='ocrx_word' id='word_1_298' title='bbox 413 2535 438 2580; x_wconf 91' lang='lat' dir='ltr'>in</span> <span class='ocrx_word' id='word_1_299' title='bbox 461 2532 537 2580; x_wconf 81' lang='lat' dir='ltr'>Rhen.</span> <span class='ocrx_word' id='word_1_300' title='bbox 560 2548 603 2580; x_wconf 88' lang='lat' dir='ltr'>sec.</span> <span class='ocrx_word' id='word_1_301' title='bbox 622 2533 676 2580; x_wconf 91' lang='lat' dir='ltr'>inde</span> <span class='ocrx_word' id='word_1_302' title='bbox 695 2533 718 2579; x_wconf 93' lang='lat' dir='ltr'>in</span> <span class='ocrx_word' id='word_1_303' title='bbox 751 2532 797 2578; x_wconf 86' lang='lat' dir='ltr'>tuit</span> <span class='ocrx_word' id='word_1_304' title='bbox 813 2547 826 2578; x_wconf 88' lang='lat' dir='ltr'>e</span> <span class='ocrx_word' id='word_1_305' title='bbox 844 2531 916 2580; x_wconf 81' lang='lat' dir='ltr'>MSS.</span> <span class='ocrx_word' id='word_1_306' title='bbox 935 2533 988 2596; x_wconf 82' lang='lat' dir='ltr'>nyc</span> <span class='ocrx_word' id='word_1_307' title='bbox 1005 2533 1048 2580; x_wconf 78' lang='lat' dir='ltr'>&#39;us</span> <span class='ocrx_word' id='word_1_308' title='bbox 1081 2533 1142 2580; x_wconf 85' lang='lat' dir='ltr'>Mox</span> <span class='ocrx_word' id='word_1_309' title='bbox 1161 2532 1267 2580; x_wconf 84' lang='lat' dir='ltr'>dedimus</span> 
     </span>
     <span class='ocr_line' id='line_1_32' title="bbox 205 2595 1268 2662; baseline -0.004 -16"><span class='ocrx_word' id='word_1_310' title='bbox 205 2598 271 2662; x_wconf 83' lang='lat' dir='ltr'>Lips.</span> <span class='ocrx_word' id='word_1_311' title='bbox 303 2598 375 2646; x_wconf 77' lang='lat' dir='ltr'>Ean.</span> <span class='ocrx_word' id='word_1_312' title='bbox 751 2597 854 2656; x_wconf 79' lang='lat' dir='ltr'>ignibus,</span> <span class='ocrx_word' id='word_1_313' title='bbox 864 2595 926 2657; x_wconf 91' lang='lat' dir='ltr'>quod</span> <span class='ocrx_word' id='word_1_314' title='bbox 937 2595 1022 2642; x_wconf 80' lang='lat' dir='ltr'>habent</span> <span class='ocrx_word' id='word_1_315' title='bbox 1033 2596 1105 2643; x_wconf 87' lang='lat' dir='ltr'>MSS.</span> <span class='ocrx_word' id='word_1_316' title='bbox 1118 2597 1181 2644; x_wconf 82' lang='lat' dir='ltr'>Flor.</span> <span class='ocrx_word' id='word_1_317' title='bbox 1192 2596 1268 2655; x_wconf 88' lang='lat' dir='ltr'>(Bud.</span> 
     </span>
     <span class='ocr_line' id='line_1_33' title="bbox 234 2657 1267 2726; baseline -0.004 -16"><span class='ocrx_word' id='word_1_318' title='bbox 234 2662 440 2726; x_wconf 75' lang='lat' dir='ltr'>Adlptseerentur]</span> <span class='ocrx_word' id='word_1_319' title='bbox 461 2659 536 2722; x_wconf 84' lang='lat' dir='ltr'>Ryak.</span> <span class='ocrx_word' id='word_1_320' title='bbox 556 2675 569 2706; x_wconf 86' lang='lat' dir='ltr'>e</span> <span class='ocrx_word' id='word_1_321' title='bbox 586 2659 647 2706; x_wconf 87' lang='lat' dir='ltr'>Flor.</span> <span class='ocrx_word' id='word_1_322' title='bbox 667 2661 718 2720; x_wconf 79' lang='lat' dir='ltr'>upi-</span> <span class='ocrx_word' id='word_1_323' title='bbox 750 2657 824 2720; x_wconf 82' lang='lat' dir='ltr'>Agr.)</span> <span class='ocrx_word' id='word_1_324' title='bbox 858 2658 937 2706; x_wconf 82' lang='lat' dir='ltr'>Gueli&#39;.</span> <span class='ocrx_word' id='word_1_325' title='bbox 958 2658 1010 2706; x_wconf 84' lang='lat' dir='ltr'>add.</span> <span class='ocrx_word' id='word_1_326' title='bbox 1032 2668 1087 2706; x_wconf 87' lang='lat' dir='ltr'>vett.</span> <span class='ocrx_word' id='word_1_327' title='bbox 1114 2668 1167 2706; x_wconf 85' lang='lat' dir='ltr'>aute</span> <span class='ocrx_word' id='word_1_328' title='bbox 1191 2660 1267 2707; x_wconf 90' lang='lat' dir='ltr'>Rhen.</span> 
     </span>
     <span class='ocr_line' id='line_1_34' title="bbox 204 2722 1337 2786; baseline -0.003 -13"><span class='ocrx_word' id='word_1_329' title='bbox 204 2735 332 2774; x_wconf 78' lang='lat' dir='ltr'>sacrentur.</span> <span class='ocrx_word' id='word_1_330' title='bbox 729 2736 847 2772; x_wconf 78' lang='lat' dir='ltr'>..omncss</span> <span class='ocrx_word' id='word_1_331' title='bbox 868 2723 931 2786; x_wconf 89' lang='lat' dir='ltr'>quod</span> <span class='ocrx_word' id='word_1_332' title='bbox 939 2722 1088 2781; x_wconf 81' lang='lat' dir='ltr'>jameFlor.</span> <span class='ocrx_word' id='word_1_333' title='bbox 1097 2723 1161 2770; x_wconf 85' lang='lat' dir='ltr'>dedit</span> <span class='ocrx_word' id='word_1_334' title='bbox 1170 2722 1194 2770; x_wconf 86' lang='lat' dir='ltr'>J.</span> <span class='ocrx_word' id='word_1_335' title='bbox 1207 2726 1266 2770; x_wconf 73' lang='lat' dir='ltr'>ltro·</span> <span class='ocrx_word' id='word_1_336' title='bbox 1332 2726 1337 2733; x_wconf 96' lang='grc'><em>“</em></span> 
     </span>
     <span class='ocr_line' id='line_1_35' title="bbox 245 2785 1267 2852; baseline -0.003 -15"><span class='ocrx_word' id='word_1_337' title='bbox 245 2793 302 2842; x_wconf 81' lang='lat' dir='ltr'>Quae</span> <span class='ocrx_word' id='word_1_338' title='bbox 315 2790 468 2852; x_wconf 83' lang='lat' dir='ltr'>frumentum</span> <span class='ocrx_word' id='word_1_339' title='bbox 490 2789 569 2834; x_wconf 76' lang='lat' dir='ltr'>Tiberi</span> <span class='ocrx_word' id='word_1_340' title='bbox 592 2787 719 2832; x_wconf 68' lang='lat' dir='ltr'>malveslot.</span> <span class='ocrx_word' id='word_1_341' title='bbox 751 2799 804 2831; x_wconf 89' lang='lat' dir='ltr'>nov.</span> <span class='ocrx_word' id='word_1_342' title='bbox 827 2786 899 2832; x_wconf 77' lang='lat' dir='ltr'>Eun.</span> <span class='ocrx_word' id='word_1_343' title='bbox 922 2785 988 2833; x_wconf 84' lang='lat' dir='ltr'>Pich.</span> <span class='ocrx_word' id='word_1_344' title='bbox 1002 2786 1065 2833; x_wconf 86' lang='lat' dir='ltr'>dedit</span> <span class='ocrx_word' id='word_1_345' title='bbox 1075 2789 1138 2848; x_wconf 76' lang='lat' dir='ltr'>igni.</span> <span class='ocrx_word' id='word_1_346' title='bbox 1172 2787 1267 2849; x_wconf 79' lang='lat' dir='ltr'>Sicjtsm</span> 
     </span>
     <span class='ocr_line' id='line_1_36' title="bbox 203 2848 830 2917; baseline -0.011 -16"><span class='ocrx_word' id='word_1_347' title='bbox 203 2857 265 2917; x_wconf 76' lang='lat' dir='ltr'>unt]</span> <span class='ocrx_word' id='word_1_348' title='bbox 284 2855 322 2900; x_wconf 89' lang='lat' dir='ltr'>Sic</span> <span class='ocrx_word' id='word_1_349' title='bbox 339 2853 394 2900; x_wconf 86' lang='lat' dir='ltr'>MS.</span> <span class='ocrx_word' id='word_1_350' title='bbox 412 2851 490 2897; x_wconf 74' lang='lat' dir='ltr'>(lucif.</span> <span class='ocrx_word' id='word_1_351' title='bbox 511 2849 592 2912; x_wconf 68' lang='lat' dir='ltr'>(Agr.)</span> <span class='ocrx_word' id='word_1_352' title='bbox 611 2857 638 2896; x_wconf 87' lang='lat' dir='ltr'>nt</span> <span class='ocrx_word' id='word_1_353' title='bbox 648 2849 720 2895; x_wconf 81' lang='lat' dir='ltr'>edidit</span> <span class='ocrx_word' id='word_1_354' title='bbox 752 2848 830 2894; x_wconf 84' lang='lat' dir='ltr'>Rhen.</span> 
     </span>
     <span class='ocr_line' id='line_1_37' title="bbox 204 2911 1269 2979; baseline -0.001 -15"><span class='ocrx_word' id='word_1_355' title='bbox 204 2917 280 2964; x_wconf 84' lang='lat' dir='ltr'>Rhen.</span> <span class='ocrx_word' id='word_1_356' title='bbox 293 2919 317 2979; x_wconf 89' lang='lat' dir='ltr'>(e</span> <span class='ocrx_word' id='word_1_357' title='bbox 329 2915 402 2977; x_wconf 83' lang='lat' dir='ltr'>Bud)</span> <span class='ocrx_word' id='word_1_358' title='bbox 414 2929 467 2961; x_wconf 86' lang='lat' dir='ltr'>cunr</span> <span class='ocrx_word' id='word_1_359' title='bbox 479 2929 542 2976; x_wconf 83' lang='lat' dir='ltr'>seqq.</span> <span class='ocrx_word' id='word_1_360' title='bbox 554 2922 578 2960; x_wconf 90' lang='lat' dir='ltr'>at</span> <span class='ocrx_word' id='word_1_361' title='bbox 589 2913 643 2959; x_wconf 85' lang='lat' dir='ltr'>MS.</span> <span class='ocrx_word' id='word_1_362' title='bbox 657 2913 718 2958; x_wconf 81' lang='lat' dir='ltr'>Flor.</span> <span class='ocrx_word' id='word_1_363' title='bbox 785 2912 837 2966; x_wconf 85' lang='lat' dir='ltr'>Quo</span> <span class='ocrx_word' id='word_1_364' title='bbox 856 2914 946 2972; x_wconf 81' lang='lat' dir='ltr'>largior</span> <span class='ocrx_word' id='word_1_365' title='bbox 962 2911 1018 2978; x_wconf 80' lang='lat' dir='ltr'>eta]</span> <span class='ocrx_word' id='word_1_366' title='bbox 1037 2913 1140 2962; x_wconf 82' lang='lat' dir='ltr'>Freinsh</span> <span class='ocrx_word' id='word_1_367' title='bbox 1152 2914 1269 2975; x_wconf 83' lang='lat' dir='ltr'>quedele-</span> 
     </span>
     <span class='ocr_line' id='line_1_38' title="bbox 203 2975 1269 3042; baseline 0 -16"><span class='ocrx_word' id='word_1_368' title='bbox 203 2980 238 3026; x_wconf 84' lang='lat' dir='ltr'>ed.</span> <span class='ocrx_word' id='word_1_369' title='bbox 259 2995 296 3042; x_wconf 83' lang='lat' dir='ltr'>pr.</span> <span class='ocrx_word' id='word_1_370' title='bbox 313 2981 418 3025; x_wconf 81' lang='lat' dir='ltr'>subvecta</span> <span class='ocrx_word' id='word_1_371' title='bbox 440 2984 522 3032; x_wconf 81' lang='lat' dir='ltr'>esseut,</span> <span class='ocrx_word' id='word_1_372' title='bbox 542 2978 717 3030; x_wconf 77' lang='lat' dir='ltr'>nonsuluettae,</span> <span class='ocrx_word' id='word_1_373' title='bbox 751 2983 802 3022; x_wconf 87' lang='lat' dir='ltr'>tum</span> <span class='ocrx_word' id='word_1_374' title='bbox 825 2976 897 3038; x_wconf 86' lang='lat' dir='ltr'>cupit,</span> <span class='ocrx_word' id='word_1_375' title='bbox 918 2975 1044 3038; x_wconf 82' lang='lat' dir='ltr'>planiorem</span> <span class='ocrx_word' id='word_1_376' title='bbox 1066 2978 1098 3026; x_wconf 84' lang='lat' dir='ltr'>sic</span> <span class='ocrx_word' id='word_1_377' title='bbox 1118 2979 1196 3026; x_wconf 90' lang='lat' dir='ltr'>locum</span> <span class='ocrx_word' id='word_1_378' title='bbox 1220 2979 1269 3026; x_wconf 78' lang='lat' dir='ltr'>fore</span> 
     </span>
     <span class='ocr_line' id='line_1_39' title="bbox 203 3039 823 3090; baseline -0.005 -2"><span class='ocrx_word' id='word_1_379' title='bbox 203 3051 227 3088; x_wconf 91' lang='lat' dir='ltr'>ut</span> <span class='ocrx_word' id='word_1_380' title='bbox 247 3043 298 3090; x_wconf 87' lang='lat' dir='ltr'>add.</span> <span class='ocrx_word' id='word_1_381' title='bbox 320 3041 408 3088; x_wconf 81' lang='lat' dir='ltr'>Puteol.</span> <span class='ocrx_word' id='word_1_382' title='bbox 426 3039 532 3087; x_wconf 83' lang='lat' dir='ltr'>Beroald.</span> <span class='ocrx_word' id='word_1_383' title='bbox 553 3039 620 3086; x_wconf 82' lang='lat' dir='ltr'>male.</span> <span class='ocrx_word' id='word_1_384' title='bbox 656 3039 720 3086; x_wconf 87' lang='lat' dir='ltr'>Ute</span> <span class='ocrx_word' id='word_1_385' title='bbox 751 3049 823 3085; x_wconf 84' lang='lat' dir='ltr'>ratus.</span> 
     </span>
     <span class='ocr_line' id='line_1_40' title="bbox 202 3101 1270 3168; baseline 0.001 -16"><span class='ocrx_word' id='word_1_386' title='bbox 202 3106 298 3168; x_wconf 82' lang='lat' dir='ltr'>passivis</span> <span class='ocrx_word' id='word_1_387' title='bbox 325 3104 441 3151; x_wconf 86' lang='lat' dir='ltr'>interdum</span> <span class='ocrx_word' id='word_1_388' title='bbox 468 3103 619 3150; x_wconf 83' lang='lat' dir='ltr'>contractione</span> <span class='ocrx_word' id='word_1_389' title='bbox 646 3103 720 3149; x_wconf 83' lang='lat' dir='ltr'>activa</span> <span class='ocrx_word' id='word_1_390' title='bbox 796 3103 917 3165; x_wconf 69' lang='lat' dir='ltr'>Custodes]</span> <span class='ocrx_word' id='word_1_391' title='bbox 946 3101 1008 3150; x_wconf 90' lang='lat' dir='ltr'>Puto</span> <span class='ocrx_word' id='word_1_392' title='bbox 1028 3103 1132 3152; x_wconf 82' lang='lat' dir='ltr'>custodes</span> <span class='ocrx_word' id='word_1_393' title='bbox 1156 3104 1211 3152; x_wconf 89' lang='lat' dir='ltr'>istos</span> <span class='ocrx_word' id='word_1_394' title='bbox 1232 3122 1270 3153; x_wconf 79' lang='lat' dir='ltr'>es·</span> 
     </span>
    </p>
   </div>
   <div class='ocr_carea' id='block_1_6' title="bbox 1226 776 1369 839">
    <p class='ocr_par' dir='ltr' id='par_1_6' title="bbox 1226 776 1369 839">
     <span class='ocr_line' id='line_1_41' title="bbox 1226 776 1369 839; baseline 0 0"><span class='ocrx_word' id='word_1_395' title='bbox 1226 776 1369 839; x_wconf 86' lang='lat' dir='ltr'>u-&#39;</span> 
     </span>
    </p>
   </div>
   <div class='ocr_carea' id='block_1_7' title="bbox 203 3165 1378 3230">
    <p class='ocr_par' dir='ltr' id='par_1_7' title="bbox 203 3165 1378 3230">
     <span class='ocr_line' id='line_1_42' title="bbox 203 3165 1378 3230; baseline -0.009 -15"><span class='ocrx_word' id='word_1_396' title='bbox 203 3169 271 3226; x_wconf 68' lang='lat' dir='ltr'>lacu,</span> <span class='ocrx_word' id='word_1_397' title='bbox 289 3168 334 3217; x_wconf 83' lang='lat' dir='ltr'>vid.</span> <span class='ocrx_word' id='word_1_398' title='bbox 355 3167 385 3214; x_wconf 89' lang='lat' dir='ltr'>ad</span> <span class='ocrx_word' id='word_1_399' title='bbox 405 3169 443 3225; x_wconf 90' lang='grc'><strong>14,</strong></span> <span class='ocrx_word' id='word_1_400' title='bbox 462 3168 501 3215; x_wconf 72' lang='grc'>61.</span> <span class='ocrx_word' id='word_1_401' title='bbox 523 3167 556 3215; x_wconf 84' lang='lat' dir='ltr'>sic</span> <span class='ocrx_word' id='word_1_402' title='bbox 575 3166 720 3213; x_wconf 79' lang='lat' dir='ltr'>distramione</span> <span class='ocrx_word' id='word_1_403' title='bbox 751 3165 863 3214; x_wconf 81' lang='lat' dir='ltr'>stellarios</span> <span class='ocrx_word' id='word_1_404' title='bbox 890 3166 1025 3228; x_wconf 81' lang='lat' dir='ltr'>appellatos,</span> <span class='ocrx_word' id='word_1_405' title='bbox 1055 3168 1111 3230; x_wconf 83' lang='lat' dir='ltr'>quia</span> <span class='ocrx_word' id='word_1_406' title='bbox 1141 3168 1271 3217; x_wconf 62' lang='lat' dir='ltr'>dividimus</span> <span class='ocrx_word' id='word_1_407' title='bbox 1374 3198 1378 3204; x_wconf 86' lang='lat'>.</span> 
     </span>
    </p>
   </div>
   <div class='ocr_carea' id='block_1_8' title="bbox 201 3228 1298 4317">
    <p class='ocr_par' dir='ltr' id='par_1_8' title="bbox 201 3228 1298 4317">
     <span class='ocr_line' id='line_1_43' title="bbox 203 3228 1271 3294; baseline 0 -14"><span class='ocrx_word' id='word_1_408' title='bbox 203 3234 299 3294; x_wconf 80' lang='lat' dir='ltr'>passiva.</span> <span class='ocrx_word' id='word_1_409' title='bbox 334 3231 372 3279; x_wconf 87' lang='lat' dir='ltr'>Sic</span> <span class='ocrx_word' id='word_1_410' title='bbox 389 3245 444 3278; x_wconf 85' lang='lat' dir='ltr'>mox</span> <span class='ocrx_word' id='word_1_411' title='bbox 462 3245 481 3278; x_wconf 86' lang='lat' dir='ltr'>c.</span> <span class='ocrx_word' id='word_1_412' title='bbox 500 3235 539 3278; x_wconf 82' lang='lat'>45.</span> <span class='ocrx_word' id='word_1_413' title='bbox 557 3245 599 3292; x_wconf 88' lang='lat' dir='ltr'>pro</span> <span class='ocrx_word' id='word_1_414' title='bbox 618 3231 720 3276; x_wconf 78' lang='lat' dir='ltr'>oravisse</span> <span class='ocrx_word' id='word_1_415' title='bbox 752 3228 798 3280; x_wconf 89' lang='lat' dir='ltr'>(uti</span> <span class='ocrx_word' id='word_1_416' title='bbox 826 3240 911 3276; x_wconf 83' lang='lat' dir='ltr'>veteres</span> <span class='ocrx_word' id='word_1_417' title='bbox 942 3229 1059 3291; x_wconf 82' lang='lat' dir='ltr'>dicebmtt)</span> <span class='ocrx_word' id='word_1_418' title='bbox 1093 3231 1141 3279; x_wconf 83' lang='lat' dir='ltr'>sive</span> <span class='ocrx_word' id='word_1_419' title='bbox 1173 3232 1271 3280; x_wconf 73' lang='lat' dir='ltr'>matellis</span> 
     </span>
     <span class='ocr_line' id='line_1_44' title="bbox 205 3291 1266 3359; baseline -0.002 -15"><span class='ocrx_word' id='word_1_420' title='bbox 205 3296 240 3344; x_wconf 82' lang='lat' dir='ltr'>etl.</span> <span class='ocrx_word' id='word_1_421' title='bbox 252 3313 287 3359; x_wconf 87' lang='lat' dir='ltr'>pr.</span> <span class='ocrx_word' id='word_1_422' title='bbox 298 3301 378 3342; x_wconf 77' lang='lat' dir='ltr'>orotsu</span> <span class='ocrx_word' id='word_1_423' title='bbox 389 3309 441 3342; x_wconf 81' lang='lat' dir='ltr'>esar.</span> <span class='ocrx_word' id='word_1_424' title='bbox 479 3296 564 3354; x_wconf 76' lang='lat' dir='ltr'>Uthtae</span> <span class='ocrx_word' id='word_1_425' title='bbox 573 3293 646 3341; x_wconf 84' lang='lat' dir='ltr'>MSS.</span> <span class='ocrx_word' id='word_1_426' title='bbox 657 3292 719 3340; x_wconf 82' lang='lat' dir='ltr'>Flor.</span> <span class='ocrx_word' id='word_1_427' title='bbox 751 3307 864 3354; x_wconf 85' lang='lat' dir='ltr'>aquarum</span> <span class='ocrx_word' id='word_1_428' title='bbox 883 3291 995 3340; x_wconf 84' lang='lat' dir='ltr'>Praefecti.</span> <span class='ocrx_word' id='word_1_429' title='bbox 1029 3293 1101 3356; x_wconf 74' lang='lat' dir='ltr'>Iapis</span> <span class='ocrx_word' id='word_1_430' title='bbox 1117 3296 1201 3343; x_wconf 77' lang='lat' dir='ltr'>Rome</span> <span class='ocrx_word' id='word_1_431' title='bbox 1219 3299 1266 3358; x_wconf 88' lang='lat' dir='ltr'>(ap.</span> 
     </span>
     <span class='ocr_line' id='line_1_45' title="bbox 205 3354 1270 3418; baseline -0.002 -10"><span class='ocrx_word' id='word_1_432' title='bbox 205 3360 284 3408; x_wconf 80' lang='lat' dir='ltr'>Guelt.</span> <span class='ocrx_word' id='word_1_433' title='bbox 302 3360 352 3407; x_wconf 82' lang='lat' dir='ltr'>add.</span> <span class='ocrx_word' id='word_1_434' title='bbox 370 3367 424 3406; x_wconf 77' lang='lat' dir='ltr'>vett.</span> <span class='ocrx_word' id='word_1_435' title='bbox 443 3366 496 3406; x_wconf 82' lang='lat' dir='ltr'>anta</span> <span class='ocrx_word' id='word_1_436' title='bbox 512 3358 661 3413; x_wconf 84' lang='lat' dir='ltr'>Rhenanam,</span> <span class='ocrx_word' id='word_1_437' title='bbox 680 3356 720 3418; x_wconf 91' lang='lat' dir='ltr'>qni</span> <span class='ocrx_word' id='word_1_438' title='bbox 754 3354 821 3402; x_wconf 84' lang='lat' dir='ltr'>Grut-</span> <span class='ocrx_word' id='word_1_439' title='bbox 843 3357 1001 3418; x_wconf 82' lang='lat' dir='ltr'>p.6⁰1‚7.):</span> <span class='ocrx_word' id='word_1_440' title='bbox 1026 3369 1186 3405; x_wconf 70' lang='lat' dir='ltr'>canuerant.</span> <span class='ocrx_word' id='word_1_441' title='bbox 1204 3371 1270 3406; x_wconf 71' lang='lat' dir='ltr'>catt-</span> 
     </span>
     <span class='ocr_line' id='line_1_46' title="bbox 206 3419 1269 3487; baseline -0.004 -15"><span class='ocrx_word' id='word_1_442' title='bbox 206 3423 317 3487; x_wconf 87' lang='lat' dir='ltr'>(eBud.)</span> <span class='ocrx_word' id='word_1_443' title='bbox 336 3422 400 3470; x_wconf 84' lang='lat' dir='ltr'>dedit</span> <span class='ocrx_word' id='word_1_444' title='bbox 418 3429 497 3483; x_wconf 82' lang='lat' dir='ltr'>utque.</span> <span class='ocrx_word' id='word_1_445' title='bbox 527 3421 603 3469; x_wconf 83' lang='lat' dir='ltr'>Vetus</span> <span class='ocrx_word' id='word_1_446' title='bbox 622 3419 720 3467; x_wconf 85' lang='lat' dir='ltr'>restituit</span> <span class='ocrx_word' id='word_1_447' title='bbox 754 3428 857 3466; x_wconf 78' lang='lat' dir='ltr'>ssavsr.</span> <span class='ocrx_word' id='word_1_448' title='bbox 880 3433 908 3467; x_wconf 83' lang='lat' dir='ltr'>n.</span> <span class='ocrx_word' id='word_1_449' title='bbox 938 3432 1036 3468; x_wconf 79' lang='lat' dir='ltr'>suavo.</span> <span class='ocrx_word' id='word_1_450' title='bbox 1066 3433 1269 3483; x_wconf 69' lang='lat' dir='ltr'>esequissero.</span> 
     </span>
     <span class='ocr_line' id='line_1_47' title="bbox 205 3483 1270 3536; baseline -0.007 0"><span class='ocrx_word' id='word_1_451' title='bbox 205 3487 229 3536; x_wconf 89' lang='lat' dir='ltr'>J.</span> <span class='ocrx_word' id='word_1_452' title='bbox 242 3490 314 3536; x_wconf 77' lang='lat' dir='ltr'>aron.</span> <span class='ocrx_word' id='word_1_453' title='bbox 346 3487 418 3534; x_wconf 79' lang='lat' dir='ltr'>Ean.</span> <span class='ocrx_word' id='word_1_454' title='bbox 453 3484 543 3533; x_wconf 82' lang='lat' dir='ltr'>Similia</span> <span class='ocrx_word' id='word_1_455' title='bbox 560 3491 681 3531; x_wconf 88' lang='lat' dir='ltr'>occurrunt</span> <span class='ocrx_word' id='word_1_456' title='bbox 695 3483 720 3528; x_wconf 90' lang='lat' dir='ltr'>in</span> <span class='ocrx_word' id='word_1_457' title='bbox 752 3494 857 3531; x_wconf 71' lang='lat' dir='ltr'>savin.</span> <span class='ocrx_word' id='word_1_458' title='bbox 879 3495 1029 3530; x_wconf 78' lang='lat' dir='ltr'>ccsvmsa.</span> <span class='ocrx_word' id='word_1_459' title='bbox 1063 3483 1208 3532; x_wconf 82' lang='lat' dir='ltr'>Decasteliis</span> <span class='ocrx_word' id='word_1_460' title='bbox 1219 3485 1270 3532; x_wconf 84' lang='lat' dir='ltr'>He.</span> 
     </span>
     <span class='ocr_line' id='line_1_48' title="bbox 205 3545 1271 3618; baseline 0 -22"><span class='ocrx_word' id='word_1_461' title='bbox 205 3554 305 3598; x_wconf 71' lang='lat' dir='ltr'>illusisse</span> <span class='ocrx_word' id='word_1_462' title='bbox 315 3560 338 3598; x_wconf 90' lang='lat' dir='ltr'>et</span> <span class='ocrx_word' id='word_1_463' title='bbox 348 3553 445 3598; x_wconf 74' lang='lat' dir='ltr'>uturum</span> <span class='ocrx_word' id='word_1_464' title='bbox 460 3563 507 3596; x_wconf 85' lang='lat' dir='ltr'>esse</span> <span class='ocrx_word' id='word_1_465' title='bbox 526 3553 560 3602; x_wconf 70' lang='lat'>¹³3</span> <span class='ocrx_word' id='word_1_466' title='bbox 575 3550 610 3596; x_wconf 89' lang='grc'>17.</span> <span class='ocrx_word' id='word_1_467' title='bbox 629 3555 651 3594; x_wconf 87' lang='lat' dir='ltr'>ct</span> <span class='ocrx_word' id='word_1_468' title='bbox 663 3560 719 3608; x_wconf 79' lang='lat' dir='ltr'>pro-</span> <span class='ocrx_word' id='word_1_469' title='bbox 752 3545 854 3607; x_wconf 74' lang='lat' dir='ltr'>tychius,</span> <span class='ocrx_word' id='word_1_470' title='bbox 865 3546 996 3618; x_wconf 72' lang='lat' dir='ltr'>Vitruvius,</span> <span class='ocrx_word' id='word_1_471' title='bbox 1009 3546 1108 3606; x_wconf 87' lang='lat' dir='ltr'>Plinius,</span> <span class='ocrx_word' id='word_1_472' title='bbox 1120 3556 1143 3594; x_wconf 89' lang='lat' dir='ltr'>et</span> <span class='ocrx_word' id='word_1_473' title='bbox 1153 3547 1271 3596; x_wconf 71' lang='lat' dir='ltr'>‹iuriscon-</span> 
     </span>
     <span class='ocr_line' id='line_1_49' title="bbox 201 3597 1298 3678; baseline -0.001 -16"><span class='ocrx_word' id='word_1_474' title='bbox 201 3618 308 3678; x_wconf 77' lang='lat' dir='ltr'>pulsasse</span> <span class='ocrx_word' id='word_1_475' title='bbox 317 3616 548 3674; x_wconf 78' lang='lat' dir='ltr'>etpropulsatoresse</span> <span class='ocrx_word' id='word_1_476' title='bbox 556 3611 615 3673; x_wconf 85' lang='lat' dir='ltr'>apud</span> <span class='ocrx_word' id='word_1_477' title='bbox 624 3609 719 3672; x_wconf 89' lang='lat' dir='ltr'>Apulei.</span> <span class='ocrx_word' id='word_1_478' title='bbox 752 3609 863 3663; x_wconf 80' lang='lat' dir='ltr'>sulti‚tit.</span> <span class='ocrx_word' id='word_1_479' title='bbox 881 3608 1034 3673; x_wconf 84' lang='lat' dir='ltr'>D.Deaqua</span> <span class='ocrx_word' id='word_1_480' title='bbox 1050 3610 1192 3674; x_wconf 84' lang='lat' dir='ltr'>quotidiana.</span> <span class='ocrx_word' id='word_1_481' title='bbox 1223 3597 1298 3660; x_wconf 78' lang='lat' dir='ltr'>Sed‘</span> 
     </span>
     <span class='ocr_line' id='line_1_50' title="bbox 206 3672 1270 3741; baseline -0.003 -15"><span class='ocrx_word' id='word_1_482' title='bbox 206 3681 230 3726; x_wconf 88' lang='lat' dir='ltr'>in</span> <span class='ocrx_word' id='word_1_483' title='bbox 242 3679 314 3741; x_wconf 88' lang='lat' dir='ltr'>Apol.</span> <span class='ocrx_word' id='word_1_484' title='bbox 325 3677 366 3724; x_wconf 88' lang='lat' dir='ltr'>ubi</span> <span class='ocrx_word' id='word_1_485' title='bbox 377 3693 398 3723; x_wconf 85' lang='lat' dir='ltr'>v.</span> <span class='ocrx_word' id='word_1_486' title='bbox 412 3677 470 3722; x_wconf 81' lang='lat' dir='ltr'>Prie.</span> <span class='ocrx_word' id='word_1_487' title='bbox 483 3675 547 3737; x_wconf 85' lang='lat' dir='ltr'>adp.</span> <span class='ocrx_word' id='word_1_488' title='bbox 560 3679 598 3723; x_wconf 80' lang='grc'><strong>311.</strong></span> <span class='ocrx_word' id='word_1_489' title='bbox 752 3681 776 3719; x_wconf 82' lang='lat' dir='ltr'>et</span> <span class='ocrx_word' id='word_1_490' title='bbox 792 3672 823 3719; x_wconf 81' lang='lat' dir='ltr'>sd</span> <span class='ocrx_word' id='word_1_491' title='bbox 838 3673 935 3720; x_wconf 82' lang='lat' dir='ltr'>tutelam</span> <span class='ocrx_word' id='word_1_492' title='bbox 952 3689 1065 3736; x_wconf 88' lang='lat' dir='ltr'>aquarum</span> <span class='ocrx_word' id='word_1_493' title='bbox 1081 3673 1176 3722; x_wconf 75' lang='lat' dir='ltr'>familia</span> <span class='ocrx_word' id='word_1_494' title='bbox 1192 3677 1270 3740; x_wconf 87' lang='lat' dir='ltr'>publi·</span> 
     </span>
     <span class='ocr_line' id='line_1_51' title="bbox 238 3735 1270 3799; baseline -0.005 -9"><span class='ocrx_word' id='word_1_495' title='bbox 238 3745 303 3790; x_wconf 79' lang='lat' dir='ltr'>Saao</span> <span class='ocrx_word' id='word_1_496' title='bbox 315 3743 404 3790; x_wconf 82' lang='lat' dir='ltr'>Gohlno</span> <span class='ocrx_word' id='word_1_497' title='bbox 415 3742 548 3799; x_wconf 76' lang='lat' dir='ltr'>Albanoque</span> <span class='ocrx_word' id='word_1_498' title='bbox 580 3738 670 3786; x_wconf 87' lang='lat' dir='ltr'>Eadem</span> <span class='ocrx_word' id='word_1_499' title='bbox 686 3735 720 3784; x_wconf 84' lang='lat' dir='ltr'>vis</span> <span class='ocrx_word' id='word_1_500' title='bbox 752 3751 786 3783; x_wconf 81' lang='lat' dir='ltr'>ese</span> <span class='ocrx_word' id='word_1_501' title='bbox 795 3736 920 3784; x_wconf 77' lang='lat' dir='ltr'>institute:</span> <span class='ocrx_word' id='word_1_502' title='bbox 934 3752 986 3796; x_wconf 74' lang='lat' dir='ltr'>que</span> <span class='ocrx_word' id='word_1_503' title='bbox 996 3738 1022 3783; x_wconf 80' lang='lat' dir='ltr'>lu</span> <span class='ocrx_word' id='word_1_504' title='bbox 1033 3737 1120 3798; x_wconf 69' lang='lat' dir='ltr'>aliqum</span> <span class='ocrx_word' id='word_1_505' title='bbox 1129 3741 1270 3785; x_wconf 65' lang='lat' dir='ltr'>minutatio-</span> 
     </span>
     <span class='ocr_line' id='line_1_52' title="bbox 206 3800 1271 3867; baseline -0.009 -13"><span class='ocrx_word' id='word_1_506' title='bbox 206 3807 292 3854; x_wconf 80' lang='lat' dir='ltr'>Sabino</span> <span class='ocrx_word' id='word_1_507' title='bbox 308 3804 380 3867; x_wconf 87' lang='lat' dir='ltr'>lapidi</span> <span class='ocrx_word' id='word_1_508' title='bbox 400 3805 485 3852; x_wconf 84' lang='lat' dir='ltr'>tributa</span> <span class='ocrx_word' id='word_1_509' title='bbox 501 3805 531 3849; x_wconf 84' lang='lat' dir='ltr'>ab</span> <span class='ocrx_word' id='word_1_510' title='bbox 561 3801 635 3850; x_wconf 87' lang='lat' dir='ltr'>sidoro</span> <span class='ocrx_word' id='word_1_511' title='bbox 648 3801 685 3857; x_wconf 80' lang='lat'>16,</span> <span class='ocrx_word' id='word_1_512' title='bbox 697 3803 719 3846; x_wconf 90' lang='grc'>4.</span> <span class='ocrx_word' id='word_1_513' title='bbox 753 3815 810 3846; x_wconf 87' lang='lat' dir='ltr'>rum</span> <span class='ocrx_word' id='word_1_514' title='bbox 836 3802 921 3860; x_wconf 78' lang='lat' dir='ltr'>specics</span> <span class='ocrx_word' id='word_1_515' title='bbox 942 3800 1093 3855; x_wconf 77' lang='lat' dir='ltr'>diducuntur,</span> <span class='ocrx_word' id='word_1_516' title='bbox 1113 3803 1211 3861; x_wconf 76' lang='lat' dir='ltr'>villicos,</span> <span class='ocrx_word' id='word_1_517' title='bbox 1232 3818 1271 3850; x_wconf 84' lang='lat' dir='ltr'>ca.</span> 
     </span>
     <span class='ocr_line' id='line_1_53' title="bbox 206 3864 1270 3930; baseline -0.004 -14"><span class='ocrx_word' id='word_1_518' title='bbox 206 3872 304 3924; x_wconf 60' lang='lat' dir='ltr'>&amp;unus</span> <span class='ocrx_word' id='word_1_519' title='bbox 315 3870 382 3928; x_wconf 69' lang='lat' dir='ltr'>lapis,</span> <span class='ocrx_word' id='word_1_520' title='bbox 395 3868 480 3930; x_wconf 87' lang='lat' dir='ltr'>inquit,</span> <span class='ocrx_word' id='word_1_521' title='bbox 488 3867 576 3928; x_wconf 77' lang='lat' dir='ltr'>fuscus</span> <span class='ocrx_word' id='word_1_522' title='bbox 585 3866 664 3912; x_wconf 82' lang='lat' dir='ltr'>addito</span> <span class='ocrx_word' id='word_1_523' title='bbox 675 3865 722 3909; x_wconf 87' lang='lat' dir='ltr'>oleo</span> <span class='ocrx_word' id='word_1_524' title='bbox 753 3865 875 3922; x_wconf 71' lang='lat' dir='ltr'>rtclbrlos,</span> <span class='ocrx_word' id='word_1_525' title='bbox 886 3870 1013 3922; x_wconf 82' lang='lat' dir='ltr'>curatores,</span> <span class='ocrx_word' id='word_1_526' title='bbox 1030 3864 1155 3924; x_wconf 66' lang='lat' dir='ltr'>utrarios,</span> <span class='ocrx_word' id='word_1_527' title='bbox 1167 3871 1270 3924; x_wconf 68' lang='lat' dir='ltr'>uetares,</span> 
     </span>
     <span class='ocr_line' id='line_1_54' title="bbox 207 3926 1270 3993; baseline -0.007 -12"><span class='ocrx_word' id='word_1_528' title='bbox 207 3937 276 3980; x_wconf 82' lang='lat' dir='ltr'>etlam</span> <span class='ocrx_word' id='word_1_529' title='bbox 297 3935 372 3978; x_wconf 83' lang='lat' dir='ltr'>lucere</span> <span class='ocrx_word' id='word_1_530' title='bbox 388 3932 479 3993; x_wconf 76' lang='lat' dir='ltr'>firtur.</span> <span class='ocrx_word' id='word_1_531' title='bbox 520 3931 564 3976; x_wconf 81' lang='lat' dir='ltr'>Est</span> <span class='ocrx_word' id='word_1_532' title='bbox 583 3937 606 3978; x_wconf 87' lang='lat' dir='ltr'>et</span> <span class='ocrx_word' id='word_1_533' title='bbox 627 3929 721 3989; x_wconf 81' lang='lat' dir='ltr'>quidam</span> <span class='ocrx_word' id='word_1_534' title='bbox 754 3928 855 3986; x_wconf 81' lang='lat' dir='ltr'>aliosque</span> <span class='ocrx_word' id='word_1_535' title='bbox 877 3927 980 3990; x_wconf 78' lang='lat' dir='ltr'>opifices,</span> <span class='ocrx_word' id='word_1_536' title='bbox 1007 3926 1040 3973; x_wconf 86' lang='lat' dir='ltr'>ait</span> <span class='ocrx_word' id='word_1_537' title='bbox 1064 3926 1190 3975; x_wconf 82' lang='lat' dir='ltr'>Frontinus</span> <span class='ocrx_word' id='word_1_538' title='bbox 1210 3929 1227 3976; x_wconf 88' lang='grc'>1.</span> <span class='ocrx_word' id='word_1_539' title='bbox 1246 3932 1270 3975; x_wconf 78' lang='lat'>2.</span> 
     </span>
     <span class='ocr_line' id='line_1_55' title="bbox 208 3988 1271 4056; baseline -0.007 -12"><span class='ocrx_word' id='word_1_540' title='bbox 208 3999 293 4044; x_wconf 83' lang='lat' dir='ltr'>ntrldts</span> <span class='ocrx_word' id='word_1_541' title='bbox 309 3998 369 4056; x_wconf 79' lang='lat' dir='ltr'>lupis</span> <span class='ocrx_word' id='word_1_542' title='bbox 384 3996 527 4042; x_wconf 77' lang='lat' dir='ltr'>uehementer</span> <span class='ocrx_word' id='word_1_543' title='bbox 542 3994 595 4054; x_wconf 80' lang='lat' dir='ltr'>lgul</span> <span class='ocrx_word' id='word_1_544' title='bbox 606 3994 721 4039; x_wconf 74' lang='lat' dir='ltr'>resistens.</span> <span class='ocrx_word' id='word_1_545' title='bbox 756 3990 833 4036; x_wconf 78' lang='lat' dir='ltr'>Ines.</span> <span class='ocrx_word' id='word_1_546' title='bbox 866 3989 929 4036; x_wconf 85' lang='lat' dir='ltr'>Mihi</span> <span class='ocrx_word' id='word_1_547' title='bbox 939 3988 1018 4037; x_wconf 87' lang='lat' dir='ltr'>omnia</span> <span class='ocrx_word' id='word_1_548' title='bbox 1028 3988 1065 4037; x_wconf 87' lang='lat' dir='ltr'>hic</span> <span class='ocrx_word' id='word_1_549' title='bbox 1076 4004 1132 4037; x_wconf 82' lang='lat' dir='ltr'>sana</span> <span class='ocrx_word' id='word_1_550' title='bbox 1142 3999 1165 4038; x_wconf 84' lang='lat' dir='ltr'>et</span> <span class='ocrx_word' id='word_1_551' title='bbox 1175 3991 1271 4056; x_wconf 61' lang='lat' dir='ltr'>integra</span> 
     </span>
     <span class='ocr_line' id='line_1_56' title="bbox 210 4053 1273 4121; baseline -0.007 -13"><span class='ocrx_word' id='word_1_552' title='bbox 210 4061 255 4108; x_wconf 82' lang='lat' dir='ltr'>Sed</span> <span class='ocrx_word' id='word_1_553' title='bbox 272 4059 366 4121; x_wconf 82' lang='lat' dir='ltr'>corrigo,</span> <span class='ocrx_word' id='word_1_554' title='bbox 383 4059 527 4115; x_wconf 53' lang='lat' dir='ltr'>Gallumse</span> <span class='ocrx_word' id='word_1_555' title='bbox 544 4057 655 4104; x_wconf 83' lang='lat' dir='ltr'>Strabone</span> <span class='ocrx_word' id='word_1_556' title='bbox 670 4053 687 4100; x_wconf 89' lang='lat' dir='ltr'>l.</span> <span class='ocrx_word' id='word_1_557' title='bbox 702 4067 721 4100; x_wconf 76' lang='lat' dir='ltr'>c.</span> <span class='ocrx_word' id='word_1_558' title='bbox 755 4057 783 4098; x_wconf 77' lang='lat' dir='ltr'>Ti</span> <span class='ocrx_word' id='word_1_559' title='bbox 794 4061 878 4100; x_wconf 86' lang='lat' dir='ltr'>utnon</span> <span class='ocrx_word' id='word_1_560' title='bbox 898 4053 989 4115; x_wconf 71' lang='grc' dir='ltr'>ιεῳιὶῐο</span> <span class='ocrx_word' id='word_1_561' title='bbox 1006 4068 1059 4100; x_wconf 88' lang='lat' dir='ltr'>cum</span> <span class='ocrx_word' id='word_1_562' title='bbox 1074 4054 1171 4110; x_wconf 82' lang='lat' dir='ltr'>Faerno,</span> <span class='ocrx_word' id='word_1_563' title='bbox 1186 4055 1273 4120; x_wconf 83' lang='lat' dir='ltr'>quippe</span> 
     </span>
     <span class='ocr_line' id='line_1_57' title="bbox 209 4114 1273 4188; baseline -0.008 -17"><span class='ocrx_word' id='word_1_564' title='bbox 209 4141 232 4188; x_wconf 89' lang='lat' dir='ltr'>p.</span> <span class='ocrx_word' id='word_1_565' title='bbox 252 4125 306 4171; x_wconf 80' lang='lat'>238.</span> <span class='ocrx_word' id='word_1_566' title='bbox 349 4121 420 4168; x_wconf 69' lang='grc' dir='ltr'><strong><em>Γᾶἓιοι</em></strong></span> <span class='ocrx_word' id='word_1_567' title='bbox 439 4122 478 4187; x_wconf 71' lang='grc' dir='ltr'>μὶν</span> <span class='ocrx_word' id='word_1_568' title='bbox 497 4123 516 4168; x_wconf 83' lang='lat' dir='ltr'>iv</span> <span class='ocrx_word' id='word_1_569' title='bbox 531 4122 562 4188; x_wconf 65' lang='grc' dir='ltr'>τῇ</span> <span class='ocrx_word' id='word_1_570' title='bbox 579 4118 721 4180; x_wconf 66' lang='grc' dir='ltr'>Πραιιεστίιῃ</span> <span class='ocrx_word' id='word_1_571' title='bbox 753 4116 816 4178; x_wconf 93' lang='lat' dir='ltr'>quod</span> <span class='ocrx_word' id='word_1_572' title='bbox 836 4132 865 4163; x_wconf 84' lang='lat' dir='ltr'>ex</span> <span class='ocrx_word' id='word_1_573' title='bbox 878 4114 1003 4179; x_wconf 85' lang='lat' dir='ltr'>superiori,</span> <span class='ocrx_word' id='word_1_574' title='bbox 1020 4124 1091 4178; x_wconf 73' lang='lat' dir='ltr'>utque</span> <span class='ocrx_word' id='word_1_575' title='bbox 1108 4133 1185 4174; x_wconf 82' lang='lat' dir='ltr'>noves,</span> <span class='ocrx_word' id='word_1_576' title='bbox 1204 4119 1273 4168; x_wconf 83' lang='lat' dir='ltr'>intel.</span> 
     </span>
     <span class='ocr_line' id='line_1_58' title="bbox 210 4180 1273 4248; baseline -0.004 -14"><span class='ocrx_word' id='word_1_577' title='bbox 210 4188 251 4245; x_wconf 75' lang='grc' dir='ltr'><strong>1δῷ</strong></span> <span class='ocrx_word' id='word_1_578' title='bbox 268 4185 360 4246; x_wconf 75' lang='grc' dir='ltr'>κειμένη,</span> <span class='ocrx_word' id='word_1_579' title='bbox 374 4186 475 4244; x_wconf 72' lang='grc' dir='ltr'>λατόμων</span> <span class='ocrx_word' id='word_1_580' title='bbox 493 4183 572 4248; x_wconf 61' lang='grc' dir='ltr'><strong>ἔχουσα</strong></span> <span class='ocrx_word' id='word_1_581' title='bbox 583 4183 682 4242; x_wconf 63' lang='grc' dir='ltr'><strong>ὑπουργὶν</strong></span> <span class='ocrx_word' id='word_1_582' title='bbox 693 4183 722 4246; x_wconf 67' lang='grc' dir='ltr'>τῇ</span> <span class='ocrx_word' id='word_1_583' title='bbox 753 4181 814 4226; x_wconf 79' lang='lat' dir='ltr'>lectu</span> <span class='ocrx_word' id='word_1_584' title='bbox 825 4188 926 4243; x_wconf 78' lang='lat' dir='ltr'>repetam</span> <span class='ocrx_word' id='word_1_585' title='bbox 944 4193 990 4226; x_wconf 88' lang='lat' dir='ltr'>non</span> <span class='ocrx_word' id='word_1_586' title='bbox 1006 4180 1095 4228; x_wconf 81' lang='lat' dir='ltr'>adhoc</span> <span class='ocrx_word' id='word_1_587' title='bbox 1108 4189 1215 4230; x_wconf 76' lang='lat' dir='ltr'>untumz</span> <span class='ocrx_word' id='word_1_588' title='bbox 1233 4199 1273 4230; x_wconf 82' lang='lat' dir='ltr'>crt-</span> 
     </span>
     <span class='ocr_line' id='line_1_59' title="bbox 207 4243 1272 4317; baseline -0.005 -18"><span class='ocrx_word' id='word_1_589' title='bbox 207 4251 388 4317; x_wconf 69' lang='lat' dir='ltr'>&#39;Puipppdhtnt&#39;n</span> <span class='ocrx_word' id='word_1_590' title='bbox 399 4251 441 4298; x_wconf 77' lang='lat' dir='ltr'>ruit</span> <span class='ocrx_word' id='word_1_591' title='bbox 452 4246 535 4294; x_wconf 70' lang='lat' dir='ltr'>dator.</span> <span class='ocrx_word' id='word_1_592' title='bbox 564 4245 648 4293; x_wconf 76' lang='lat' dir='ltr'>Deliis</span> <span class='ocrx_word' id='word_1_593' title='bbox 660 4243 722 4292; x_wconf 78' lang='lat' dir='ltr'>siml·</span> <span class='ocrx_word' id='word_1_594' title='bbox 755 4245 828 4291; x_wconf 76' lang='lat' dir='ltr'>stodu</span> <span class='ocrx_word' id='word_1_595' title='bbox 840 4243 925 4307; x_wconf 64' lang='lat' dir='ltr'>occipio</span> <span class='ocrx_word' id='word_1_596' title='bbox 938 4243 1272 4307; x_wconf 74' lang='lat' dir='ltr'>lrtrxlronfetprocuratores,</span> 
     </span>
    </p>
   </div>
   <div class='ocr_carea' id='block_1_9' title="bbox 0 0 1533 4950">
    <p class='ocr_par' dir='ltr' id='par_1_9' title="bbox 0 0 1533 4950">
     <span class='ocr_line' id='line_1_60' title="bbox 0 0 1533 4950; baseline 0 0"><span class='ocrx_word' id='word_1_597' title='bbox 0 0 1533 4950; x_wconf 95' lang='lat' dir='ltr'> </span> 
     </span>
    </p>
   </div>
  </div>
 </body>
</html>
