3042 4950
219 223 275 279 ras
632 215 864 281 aunarium
1107 196 1297 297 [aaacaT

221 384 371 451 adversus
387 379 516 445 eandem
526 380 679 463 libertam,
691 384 808 469 primas
820 382 1022 447 adolescentis
1030 380 1295 468 cupidines'velam

224 481 321 543 verat,
336 464 575 553 praebueratque
588 490 710 547 nomen,
726 481 774 547 ut,
786 491 859 553 quae
871 468 983 533 Prinoe
1006 493 1021 532 s
1033 468 1144 531 furtim
1158 469 1287 531 mulier·

224 553 303 617 culae
321 552 498 629 tribuebat,
526 553 578 616 ille
609 554 711 640 palam
743 554 919 639 largiretur.
972 492 1060 617 'llum
1093 553 1285 639 Agrippina,

225 636 320 701 versis
334 638 463 715 artibus,
478 660 534 723 per
548 637 758 709 blandimenta
768 640 917 723 juvenem
930 636 1071 723 adgredi,
1088 644 1110 678 “
1121 661 1213 702 suum
1228 661 1293 724 po-.

227 723 290 787 tius
307 722 486 786 cubiculum
506 746 542 787 ao
561 724 681 786 sinum”
697 722 818 799 offerre,
842 729 864 761 ‘⁶
875 721 1085 808 contegendis,
1098 746 1171 809 quae
1185 723 1287 809 prima

227 819 312 885 aetas,
327 819 359 869 et
373 829 493 871 summa
504 808 630 871 fortuna
644 808 852 893 expeterent.”
888 808 973 885 Quin
987 819 1019 869 et
1033 806 1190 872 fatebatur
1205 816 1226 847 “
1236 808 1292 871 in-.

227 892 441 979 tempestivam
449 892 676 969 severitatem,'’
685 906 717 956 et
733 914 861 956 suarum
873 914 982 978 opum,
994 914 1067 977 quae
1081 892 1168 955 haud
1176 894 1286 979 procul

179 1027 181 1032 .
226 976 430 1064 imperatoriis
449 979 588 1056 aberant,
610 978 713 1076 copias
733 977 892 1041 tradebat:
916 991 953 1040 ut
973 976 1069 1039 nimia
1088 1000 1188 1063 nuper
1201 1001 1290 1043 coer-·
1339 1047 1341 1051 ³

228 1062 326 1125 cende
340 1060 422 1133 fili03
447 1062 492 1125 ita
505 1084 629 1127 rursum
643 1075 883 1149 intemperanter
897 1062 1040 1125 demissa.
1084 1064 1166 1139 Quae
1183 1077 1286 1127 muta-

228 1147 272 1209 tio
286 1168 390 1231 neque
409 1147 568 1211 Neronem
582 1147 702 1227 fefellit,
716 1164 749 1211 et
763 1148 898 1234 proximi
910 1146 1081 1211 amicorum
1095 1149 1289 1225 metuebant,

228 1232 437 1317 orabantque,
447 1240 468 1270 “
480 1256 586 1297 cavere
601 1234 725 1297 insidias
739 1231 888 1310 mulieris,
904 1255 1023 1319 semper
1036 1233 1158 1309 atrocis,
1174 1245 1285 1297 tumet

227 1316 341 1381 falsae.''
385 1319 481 1381 Forte
495 1318 554 1381 illis
569 1318 680 1382 diebus
695 1322 811 1395 Caesar,
826 1318 963 1403 inspecto
973 1332 1096 1395 ornatu,
1112 1341 1176 1403 quo
1194 1318 1285 1382 Prin-

125 1416 130 1430 '
225 1401 328 1487 cipum
344 1403 492 1487 conjuges
506 1426 541 1464 ac
555 1412 697 1489 parentes
712 1402 899 1479 effulserant,
911 1400 1019 1497 deligit
1028 1412 1144 1483 vestem
1156 1416 1187 1465 et
1199 1426 1286 1487 gem-

224 1508 300 1565 mas,
315 1486 398 1550 misit
421 1510 460 1549 ue
471 1487 587 1549 donum
603 1488 704 1562 matri,
720 1486 810 1550 nulla
892 1487 1014 1559 imoma,
1028 1508 1099 1549 cum
1115 1487 1292 1573 praecipua,-

227 1583 258 1633 et
271 1572 377 1657 cupita
391 1510 467 1649 iliis,
483 1571 568 1657 prior
582 1572 725 1641 deferret.
771 1574 793 1635 S
855 1570 1042 1657 Agrippina,
1059 1578 1080 1608 ‘⁴
1097 1594 1159 1633 non
1172 1570 1221 1634 his
1237 1572 1286 1634 in·

226 1656 303 1718 strui
317 1655 420 1719 cultus
435 1680 517 1733 suos,
533 1657 586 1719 sed
603 1657 710 1720 ceteris
728 1655 853 1734 arceri,”
868 1656 1048 1741 proclamat,
1069 1662 1134 1719 “et
1148 1655 1285 1721 dividere

224 1740 333 1818 filium,
350 1765 421 1826 quae
432 1757 543 1805 cuncta
557 1764 594 1805 ex
609 1742 676 1827 ipsa
691 1742 844 1807 haberet.”
881 1742 948 1805 Nec
962 1740 1099 1820 defuere,
1114 1740 1215 1827 quiin
1230 1740 1284 1806 do-

225 1825 321 1887 terius
336 1827 492 1889 referrent.
931 1818 937 1835 ’

268 1909 367 1973 XIV.
391 1910 437 1973 Et
457 1910 542 1973 Nero
556 1912 694 1975 infensus
707 1912 755 1990 iis,
772 1912 887 1998 quibus
902 1909 1046 1997 superbia
1058 1911 1218 1975 muliebris
1234 1911 1289 1994 in-¹

223 1994 389 2072 nitebatur,
405 1995 549 2059 demovet
565 1996 738 2060 Pallantem
752 2018 957 2073 curararum,
995 1997 1044 2059 uis
1057 2020 1076 2059 a
1091 1995 1224 2059 Claudio
1235 1997 1283 2060 in·

222 2079 352 2164 posituS,
378 2080 464 2143 velut
483 2080 633 2144 arbitrum
654 2082 742 2168 regni
763 2081 894 2167 agebat:
924 2020 1154 2167 feriebaturque,
1175 2081 1286 2167 degre-
1361 2127 1369 2143 .

222 2163 325 2227 diente
349 2188 397 2243 eo,
423 2188 536 2250 magna
556 2166 810 2253 prosequentium
831 2165 1042 2244 multitudine,
1062 2189 1125 2229 non
1146 2165 1281 2230 absurde

220 2246 352 2314 dimisse:
377 2258 396 2288 ‘⁶
413 2251 464 2314 Ire
478 2250 663 2330 Pallantem,
679 2265 715 2316 ut
728 2252 906 2338 ejuraretssfl
936 2253 1018 2314 Sane
1031 2250 1192 2336 pepigerat
1206 2251 1282 2314 Pal-

220 2400 731 2463 neaepmmarracauaraaaqataem
766 2405 805 2450 aa
817 2410 893 2450 mona
901 2404 1018 2448 aarare:
1039 2402 1076 2459 ια
1087 2403 1124 2454 11-
1135 2373 1286 2448 nuntiarat-⁵

219 2463 338 2512 Anaoeum
361 2468 475 2514 Serenam
501 2468 648 2514 carissimam
673 2470 732 2516 nzlbt'
760 2470 843 2531 jiaere.
860 2466 893 2513 H.
907 2469 931 2525 2,
940 2466 979 2512 46.
984 2464 1097 2526 jubebant
1107 2466 1195 2512 babere.
1282 2495 1285 2508 r

221 2535 270 2574 tam
288 2531 409 2577 tmaradtaa
421 2533 490 2592 flavi,
508 2539 543 2587 at,
562 2533 622 2591 quad
636 2534 733 2580 interime
800 2533 916 2592 Superbia
934 2531 1065 2592 muliebria]
1086 2529 1140 2576 MS.
1161 2529 1239 2576 Guelf-
1257 2539 1282 2578 et

220 2582 296 2652 balim,
312 2585 374 2640 ἔπιεν
388 2597 492 2654 coempta
508 2596 554 2640 rim
571 2609 661 2655 earam,
678 2611 734 2656 qam
763 2595 803 2642 alii
825 2611 863 2657 ap.
883 2594 1015 2643 Broterium
1032 2595 1125 2654 feracia
1151 2595 1276 2649 anoliam

132 2685 134 2692 ·
220 2657 284 2702 dolor
299 2660 363 2704 vicit.
397 2658 430 2704 Et
445 2657 558 2720 inscripsit
573 2659 648 2706 eidem
662 2659 734 2708 libros
766 2658 969 2706 fortassemelius:
986 2657 1083 2704 libenter
1097 2657 1160 2703 enirn
1176 2659 1284 2706 eoverbo

219 2734 272 2766 suos
293 2721 322 2768 de
346 2721 532 2784 tranquillitate,
555 2731 733 2771 monumentum
766 2722 839 2770 utitur
847 2722 951 2780 Tacitus,
962 2730 990 2768 ut
1000 2721 1029 2768 de
1040 2720 1173 2783 Agrippina
1184 2721 1283 2769 Germa·

220 2785 312 2831 arnoris.
330 2785 406 2832 lars.
439 2785 500 2832 Mox
515 2789 628 2832 reboant
645 2787 679 2832 ed.
697 2804 733 2850 pr.
766 2787 819 2834 nici.
836 2787 908 2833 Ean.
1282 2806 1286 2845 3

219 2855 242 2892 et
258 2848 290 2894 sic
306 2857 432 2896 correxerat
448 2863 531 2896 manus
546 2849 612 2896 docta
622 2849 645 2895 in
657 2865 731 2913 marg.
769 2873 772 2878 ¹
798 2853 911 2897 Demovet
921 2852 1056 2898 Pallantem
1067 2865 1125 2896 cara
1143 2850 1236 2912 reram]
1253 2849 1281 2896 A

219 2910 308 2974 Gryph.
343 2913 447 2960 Fortasse
468 2929 555 2960 verum·
589 2913 635 2961 Sed
656 2923 735 2962 tamen-
766 2914 893 2961 rationibus
904 2913 997 2961 Claudii
1008 2913 1283 2961 britexSuetcn.28.et

218 2981 242 3020 et
252 2976 277 3032 6,
289 2977 329 3024 29.
346 2979 438 3038 aalma
453 2979 544 3024 trivialia
556 2979 646 3024 vehare.-
664 2977 734 3041 idque
765 2976 850 3040 lapide,
869 2978 894 3024 in
915 2992 964 3040 quo
984 2977 1118 3040 sumptum:
1136 2980 1280 3024 'rannaua

218 3037 370 3087 bLmeliua
389 3040 471 3088 Eam·
544 3056 546 3062 ¹
766 3053 1282 3089 caesar.sannorvroaanarrorr.

203 3149 206 3156 ,
233 3104 296 3158 ΙΙῐίε
304 3106 384 3164 palam
393 3106 532 3166 largiretur]
546 3105 733 3154 Sinedubiccor-
765 3106 908 3153 avelina
930 3104 1278 3153 Moxaraartummssmuor.

217 3165 339 3228 rigandum
348 3170 404 3228 ipsa,
414 3169 470 3230 quia
477 3170 601 3230 opponitur
613 3171 732 3231 Principt.
765 3169 845 3224 Gaelf.
860 3184 902 3217 nec
909 3169 979 3216 modo
987 3168 1124 3223 Beroaldus,
1133 3177 1160 3214 ut
1170 3167 1196 3214 J.
1206 3168 1281 3217 Gran.

218 3232 335 3292 Princeps
345 3232 492 3294 largiebatur,
504 3234 552 3294 aare
566 3234 644 3294 palam
654 3232 732 3281 dabat.
763 3233 805 3291 ait,
817 3233 856 3282 sod
864 3242 917 3282 ante
928 3233 1078 3292 Puteolanus,
1089 3247 1103 3278 e
1113 3231 1208 3295 quoille
1215 3247 1281 3280 sum.

217 3293 365 3342 Confusionis
379 3295 730 3362 hujusetaliaexemplasunt,
764 3297 985 3360 siapoetrtniatus.
1012 3297 1049 3344 At
1058 3295 1095 3343 ed.
1106 3312 1142 3359 pr.
1154 3303 1279 3359 actaeque

215 3358 284 3405 etiam
295 3375 365 3422 supra
376 3368 467 3408 notatae.
486 3360 558 3407 Eun.
764 3376 845 3409 omnes
853 3363 988 3408 arbitrium.
1010 3360 1121 3408 Similiter
1132 3359 1232 3407 variatur
1243 3361 1279 3410 H.

248 3425 346 3470 Samma
354 3425 469 3486 fortuna]
489 3423 541 3471 Hoc
557 3440 581 3472 sc
596 3425 650 3472 dare
658 3427 731 3486 jactat
764 3425 789 3483 4,
800 3427 839 3474 21.
850 3425 892 3473 ubi
903 3435 980 3473 tamen
991 3424 1029 3471 ed.
1039 3439 1074 3487 pr.
1083 3425 1218 3480 arbitrium,
1230 3425 1280 3472 Pu„

215 3485 293 3534 Rhea.
306 3487 413 3552 (eBud.)
448 3487 484 3534 At
496 3487 562 3535 itaet
573 3489 667 3550 eddpr.
679 3491 728 3538 Pu·
764 3489 817 3536 teol.
833 3497 911 3538 oontra
924 3491 1042 3535 arbitram
1058 3503 1113 3535 cum
1126 3488 1240 3536 Beroaldo
1256 3499 1279 3537 et

150 3553 152 3556 ’
215 3551 266 3598 teol.
308 3551 338 3599 In
355 3553 391 3600 ed.
409 3551 518 3600 Beroaldi
534 3553 653 3616 irrepserat
673 3555 729 3603 vitio
762 3568 826 3616 seqq.
859 3553 993 3616 Utrumque
1003 3552 1084 3599 eodem
1093 3551 1160 3600 redit.
1191 3552 1277 3599 Unum

214 3629 335 3678 operarum
344 3615 512 3679 sorma,quod
529 3625 627 3665 servarat
643 3617 728 3666 Frobe-
762 3616 859 3666 Tacitus
869 3617 965 3679 dederit,
973 3631 1020 3665 non
1028 3616 1112 3666 dicam.
1120 3617 1192 3664 Enn-
1217 3615 1278 3678 Agr.
1316 3637 1318 3639 ·

213 3679 267 3726 nius
283 3680 427 3732 aAlciatus.
443 3690 470 3727 ut
486 3687 564 3728 cetera.
601 3681 728 3744 Namsor-
762 3682 871 3729 demoliri
882 3681 1090 3746 P.aeara‚quod
1100 3679 1277 3744 probatlleins.

213 3748 271 3790 tana
282 3751 305 3790 et
309 3744 392 3805 forma
407 3744 476 3790 etiam
492 3744 517 3791 in
534 3745 621 3808 scriptis
634 3761 727 3808 permu-
766 3768 769 3773 ·
793 3749 818 3794 A
832 3749 932 3795 Caudio
943 3745 1031 3808 inpos]
1047 3745 1084 3793 Cf.
1096 3746 1135 3803 12,
1144 3744 1186 3791 53.

213 3813 298 3854 tantur.
315 3807 387 3856 Ean.
421 3807 511 3854 Similia
519 3823 540 3856 v.
554 3809 583 3856 ad
597 3808 634 3868 ll,
644 3811 666 3856 6.
794 3805 1277 3874 nagreamteaofflssrtltaassodt

229 3873 394 3933 ,Orabontqac
416 3886 496 3918 carrera
519 3873 629 3936 insidior]
657 3873 695 3922 stc
714 3891 729 3922 e
760 3875 915 3936 degrediente.
932 3886 935 3893 ’
955 3875 981 3921 Si
1002 3872 1177 3936 intelligendum
1194 3881 1228 3918 est
1245 3873 1276 3920 dc

212 3935 276 3982 Flor.
296 3936 394 3984 restituit
406 3935 508 3983 Pichena
523 3951 564 3998 pro
579 3937 673 3998 urlgato
688 3953 726 3984 aa·
758 3937 853 4000 palatio,
864 3950 892 3986 ut
904 3939 930 3987 J.
940 3938 1074 3986 Gronovius
1084 3944 1167 3993 oeriset,
1178 3949 1220 3983 nec
1230 3936 1276 3983 du-

211 4001 270 4059 vert,
288 4009 363 4048 recte:
380 4000 480 4046 malebat
497 3999 559 4046 idem
570 4007 660 4048 caveret
671 4017 724 4049 eum
758 4003 831 4050 bitare
849 4004 929 4050 sinunt
949 4001 1074 4064 sequentia,
1091 4015 1178 4060 magna
1192 4013 1277 4061 prosa

210 4063 332 4123 Rhenano,
349 4065 440 4111 fmstra
467 4062 522 4110 Vid.
542 4064 649 4121 adll,l.
678 4067 727 4113 Ca.
758 4069 880 4127 quantiam
888 4066 1047 4122 sanititadr'ae,
1060 4078 1140 4111 verum
1148 4071 1190 4110 est.
1218 4063 1276 4110 Vid.

210 4129 342 4175 verreriam
354 4128 389 4174 ed
401 4142 436 4189 pr.
449 4127 527 4174 Guelf.
553 4128 613 4176 lllox
628 4131 725 4176 domum
758 4130 823 4187 adl,
836 4132 875 4180 49.
903 4127 1276 4189 AddeHist.³,67.palatiode.

209 4194 281 4236 aratri
290 4191 340 4240 edd.
348 4200 402 4240 vett.
409 4207 483 4254 usque
492 4192 520 4238 ad
530 4192 604 4241 Rhea.
613 4201 636 4240 et
645 4193 725 4242 Guelf.
754 4197 875 4254 graditur,
887 4195 928 4241 ubi
939 4211 961 4242 v.
973 4193 1045 4239 Gron-
1062 4192 1135 4238 ΕΠ.
1271 4220 1274 4225 ·

207 4251 280 4302 Eun.
314 4257 374 4302 Bud.
387 4258 611 4305 vermandensem.
639 4259 721 4305 Infini-
788 4260 830 4304 Ire
842 4255 988 4317 Pallantem]
1005 4256 1126 4320 Ambigua
1142 4263 1165 4302 et
1178 4257 1274 4302 obscura

208 4315 249 4363 tivi
264 4317 283 4364 is
302 4334 357 4368 usus
378 4320 486 4382 frequens
502 4330 587 4369 nostro.
626 4323 663 4370 sic
682 4325 718 4383 12,
755 4323 832 4382 verba,
844 4322 899 4384 quia
915 4329 1000 4385 etpost
1012 4323 1055 4382 tre,
1071 4330 1094 4370 et
1110 4328 1162 4383 past
1175 4321 1274 4366 Pallan.
