3042 4950
230 210 387 305 aare]
583 226 683 285 ma.
695 226 761 284 xv.
783 209 873 287 cnr.
894 230 942 287 ar.
1224 234 1283 289 ars

232 388 286 451 sed
304 402 341 453 ut
359 388 442 451 ferro
459 396 660 473 grassaretur,
683 389 811 473 quando
831 395 983 471 venenum
1004 404 1283 487 ncnprccesserat.

234 472 327 537 Solus
341 474 458 558 quippe
473 470 593 535 Natalis
614 485 645 535 et
658 472 809 535 hactenus
830 472 999 558 prompsit:
1023 479 1045 511 ‘⁴
1055 494 1183 538 missum
1198 499 1230 539 se
1243 478 1286 540 ad

299 571 386 631 otum
402 558 560 633 senecam,
573 557 620 621 uti
629 556 741 619 viseret
751 570 1062 653 conquerereturque,
1073 581 1129 621 cur
1140 561 1285 624 Pisonem

231 665 250 705 a
272 655 319 705 rtu
333 646 471 707 arceret-l
493 641 605 705 melius
625 642 702 719 fore,
723 642 748 705 si
769 641 937 705 amicitiam
956 641 1101 705 familiari
1118 666 1285 730 congressu

231 725 467 791 exercuissent.”
483 727 529 791 Et
539 726 732 813 respondisse
742 730 906 790 Senecam:
924 733 1110 790 “sermones
1120 741 1285 793 mutuoset

233 812 343 875 crebra
364 811 433 887 conl
475 811 527 875 uia
550 811 653 875 neutri
678 812 868 880 conducere:
883 826 1029 875 ‘ceterum
1047 810 1178 880 salutem
1198 822 1287 877 suam

233 896 445 961 incolumitate
491 896 581 961 'sonis
602 895 720 960 inniti.''
772 898 853 959 Haec
875 896 957 959 ferre
976 894 1120 959 Granius.
1132 896 1286 977 Silvanus,

235 980 399 1047 Tribunus
426 981 585 1047 Praetoriae
604 979 748 1058 cohortis,
764 991 810 1058 et,
841 988 862 1019 “
877 1002 918 1043 an
933 980 1017 1044 diota
1034 981 1156 1046 Natalis
1169 1005 1288 1069 suaque

233 1088 380 1154 responsa
393 1067 560 1144 nosceret,'’
579 1065 773 1152 percunctari
788 1068 935 1130 Senecam
950 1065 1090 1151 jubetur.
1136 1068 1180 1145 Is,
1195 1068 1286 1145 forte,
1304 1131 1308 1135 .

234 1174 274 1214 an
289 1151 436 1237 prudens,
450 1152 492 1215 ad
505 1172 578 1215 eum
591 1150 672 1215 diem
680 1174 722 1213 ex
735 1150 906 1235 Campania
919 1163 1116 1228 remeaverat,
1128 1164 1289 1237 quartum-

234 1258 297 1319 que
310 1235 398 1321 apud
410 1235 555 1321 lapidem,
572 1235 750 1299 suburbano
764 1256 848 1310 rure,
859 1234 1047 1297 substiterat.
1092 1236 1153 1300 Illo
1163 1237 1289 1322 propin-

234 1342 299 1403 qua
312 1342 439 1405 vespera
452 1320 617 1383 Tribunus
630 1318 725 1396 venit,
746 1332 778 1382 et
790 1318 896 1381 villam
917 1317 1017 1403 globis
1030 1318 1165 1383 militum
1186 1322 1288 1405 sepsit

235 1403 323 1468 Tum
346 1404 417 1489 ipsi,
441 1427 513 1469 curn
536 1404 685 1491 Pompeia
707 1404 851 1468 Paullina
872 1426 969 1467 uxore
990 1415 1021 1465 et
1040 1403 1146 1467 amicis
1165 1403 1290 1468 duobus

235 1490 384 1575 epulanti,
399 1489 546 1553 mandata
561 1488 761 1575 Imperatoris
775 1488 898 1552 ediditt
964 1523 967 1528 ·
1150 1538 1156 1546 .

279 1576 377 1639 LXI.
391 1576 515 1652 Seneca,
529 1580 550 1613 “
559 1573 688 1639 missum
698 1574 740 1637 ad
750 1596 782 1637 se
793 1573 948 1651 Natalem,
959 1584 1226 1661 conquestumque
1235 1598 1290 1640 no-

236 1659 319 1722 mine
334 1659 466 1736 Pisonis,
478 1658 564 1743 quod
574 1681 594 1721 a
604 1658 732 1721 visendo
746 1680 783 1721 eo
793 1657 1020 1743 prohiberetur,
1032 1682 1127 1745 seque
1139 1661 1290 1725 rationem
1389 1689 1393 1693 ·

186 1824 188 1827 Ι
234 1742 420 1807 valetudinis
428 1757 459 1806 et
467 1742 721 1829 amoremquietis
729 1743 953 1821 excusavisse,”
961 1744 1128 1829 respondit.
1138 1752 1159 1782 “
1167 1746 1234 1809 Cur
1243 1770 1291 1810 sa-

235 1828 330 1892 lutem
340 1827 453 1913 privati
461 1828 594 1891 hominis
604 1827 809 1892 incolumitati
820 1852 885 1891 suae
893 1828 1069 1906 anteferret,
1081 1851 1220 1893 caussam
1228 1854 1291 1895 non

234 1912 395 1978 habuisse:
406 1926 474 1977 'ne'c
488 1912 546 1977 sibi
559 1925 716 1999 promtum
725 1912 766 1979 ,in
779 1912 971 1976 adulationes
992 1914 1173 1997 ingenium:
1197 1916 1292 2001 idque

237 1997 315 2060 nulli
329 1999 428 2084 magis
437 2020 582 2084 gnarum,
596 2022 692 2084 quarn
707 1997 835 2075 Neroni,
850 1997 906 2083 qui
920 1998 1035 2095 saepius
1049 1998 1222 2063 libertatem
1239 2004 1294 2063 Se-

235 2105 329 2161 necae,
339 2106 435 2168 quarn
447 2081 605 2146 servitium
615 2095 762 2169 expertus
773 2084 880 2145 esset.''
906 2082 1051 2146 Ub1haec
1064 2106 1084 2145 a
1092 2083 1238 2147 Tribuno
1246 2107 1294 2149 re-

235 2167 297 2235 lata
306 2179 391 2245 sunt,
403 2170 542 2253 Poppaea
553 2180 584 2231 et
593 2167 751 2253 Tigellino
759 2166 964 2251 coram,quod
975 2180 1041 2230 erat
1050 2167 1188 2231 saevienti
1202 2170 1293 2231 Prin·

235 2251 295 2337 cipi
310 2252 454 2315 intimum
463 2250 669 2324 consiliorum,
678 2252 860 2337 interrogat,
877 2259 947 2313 “an
961 2251 1292 2333 Seneca'volnntariam

235 2349 367 2399 mortem
376 2344 501 2423 pararet
510 2338 542 2400 ?''
557 2340 645 2401 Turn
658 2337 836 2413 TribunuS,
853 2334 968 2399 “nulla
975 2336 1099 2421 pavoris
1109 2337 1208 2421 signa,
1218 2337 1296 2401 nihil

162 2493 166 2501 ,
236 2421 325 2489 triste,
333 2422 366 2489 in
377 2423 478 2487 verbis
487 2423 554 2508 ejus
563 2422 718 2487 autvultu
728 2420 768 2486 de
790 2421 1192 2500 rehensum,”eonfirmavit.
1205 2424 1294 2510 Ergo

235 2507 430 2593 “regredi,et
440 2507 728 2592 indiceremortem”
732 2445 873 2592 jubetur.
888 2505 1294 2585 Tradit‘FabiusRusticus,

231 2597 255 2630 ‘⁶
267 2614 330 2656 non
342 2616 386 2672 eo,
399 2615 463 2679 quo
473 2595 609 2669 ¹venerat,
624 2591 732 2656 itinere
743 2591 890 2669 reditum,
902 2591 956 2654 sed
966 2590 1087 2654 flexisse
1097 2590 1138 2653 ad
1150 2591 1294 2671 Feuium,

229 2786 267 2833 pr.
311 2770 381 2818 Eun.
417 2770 480 2817 Bud.
504 2769 573 2816 habet
597 2768 748 2830 maleficiam
831 2769 893 2816 Cam
921 2769 1038 2830 Pompeia
1064 2768 1180 2816 Perellius
1199 2770 1294 2832 'urard

232 2835 475 2946 milita?
494 2834 557 2895 '“s'
574 2847 614 2893 g„
632 2833 748 2893 ,aaa
781 2830 1296 2959 tlt-”illittfflltmaffitt

319 2931 324 2945 ι
447 2929 453 2943 ι
861 2927 875 2950 ς·
1283 2923 1295 2934 “

269 2963 390 3008 Tribunus
406 2962 517 3024 cohortis]
535 2959 573 3008 Sic
588 2969 642 3024 post
656 2959 747 3022 Lipsia-
780 2959 831 3016 riui,
853 2959 895 3021 qui
918 2967 989 3021 supra
1009 2959 1142 3008 Consrdaris
1160 2960 1251 3020 dicitnr,
1273 2969 1297 3008 et

233 3040 277 3072 nas
299 3039 421 3088 operarum
448 3025 505 3072 ntia
527 3024 622 3083 editum,
645 3023 675 3070 acl
695 3023 748 3071 Jac.
781 3022 929 3086 vectigalibus
939 3023 1037 3084 publicis
1047 3024 1189 3088 praepositus.
1221 3024 1296 3074 ers.

185 3124 188 3129 -
235 3089 389 3147 Groneainm,
414 3089 438 3136 ui
449 3085 749 3150 restitnitprcrtorioe,quod
781 3086 844 3134 Mox
862 3102 877 3132 a
895 3088 988 3133 vinem
1006 3087 1080 3136 MSS.
1102 3088 1168 3136 Flor.
1187 3089 1265 3136 Guelt'.
1281 3105 1296 3136 a

233 3153 306 3200 MSS.
325 3161 348 3199 et
369 3105 421 3200 edd.
438 3157 528 3200 ¹veteres
542 3151 636 3198 habent.
673 3151 750 3198 Eun.
780 3165 843 3198 man.
855 3165 897 3198 ser.
915 3150 969 3198 edd.
982 3159 1039 3198 vett.
1056 3161 1110 3199 ante
1126 3152 1204 3200 Rhen.
1218 3153 1296 3219 Ryck.

233 3215 296 3264 Bud.
309 3218 415 3266 Graaiar
427 3219 452 3264 S.
460 3217 581 3276 prataria
591 3217 640 3263 ach.
781 3214 883 3262 Gronov.
899 3213 1028 3262 Rhenanus
1044 3215 1117 3269 (But.
1134 3215 1237 3277 secutus)
1248 3218 1296 3265 'de-

264 3282 305 3327 Er
325 3281 469 3343 Campania]
490 3279 538 3326 Ubi
554 3279 662 3326 mnemis
681 3278 748 3327 annis
780 3277 866 3325 leverat
887 3278 1080 3340 praepositionem,
1105 3295 1158 3342 qna
1183 3289 1206 3327 et
1222 3281 1295 3331 MSS·

232 3344 389 3404 multusfuit,
407 3344 478 3390 rarior
495 3343 599 3400 insula,
617 3343 747 3404 et'sapiene
781 3341 854 3388 tribus
873 3357 911 3402 ap.
928 3343 1061 3390 Broterium
1079 3345 1150 3391 abest.
1183 3345 1245 3391 Item
1261 3360 1296 3392 se.

232 3408 365 3456 tioestudiis
384 3415 515 3470 occupatus.
548 3409 660 3468 Epistola
675 3407 708 3454 ibi
725 3414 748 3454 et
781 3420 828 3471 que,
847 3405 885 3452 Fl.
913 3403 999 3466 (Bud.)
1022 3407 1101 3455 Gueli'.
1119 3407 1155 3456 ed.
1176 3423 1211 3470 pr.
1233 3409 1297 3471 quod

234 3474 377 3528 Qaoertlonea
394 3473 527 3519 Naturales
543 3470 641 3519 subhac
655 3479 747 3534 tempus
779 3469 880 3516 restituit
890 3468 999 3517 Pichena.
1031 3471 1191 3519 Gueltietiam
1206 3475 1297 3520 ratione

232 3543 345 3582 structa.⁴
366 3537 441 3583 Lrns.
780 3540 803 3580 et
813 3547 892 3580 amm
901 3542 929 3580 nt
944 3533 1067 3590 cddante
1081 3535 1245 3598 Pich.'praeter
1260 3553 1296 3601 pr.

266 3600 428 3660 Quartamqae
437 3601 500 3661 apud
512 3600 623 3664 lapidem]
651 3599 681 3646 In
692 3598 747 3646 villa
780 3597 852 3645 Eun.
884 3597 950 3646 Bud.
965 3600 1067 3646 rationes
1081 3601 1128 3646 val.
1143 3605 1166 3646 et
1180 3599 1259 3647 amore
1273 3600 1297 3664 q.

231 3679 275 3712 sua
291 3664 448 3726 Nomentana,
464 3673 492 3710 ut
506 3663 595 3720 volunt,
615 3663 656 3725 qui
674 3662 746 3710 vitam
778 3661 825 3709 Sed
832 3663 910 3710 suh‘r
925 3669 1038 3723 punctum
1055 3663 1160 3725 positum
1171 3662 1296 3713 delendum

232 3727 297 3774 nobis
312 3728 426 3790 scripsere.
459 3727 504 3776 Sed
515 3727 616 3789 ambigo,
629 3725 684 3789 quia
695 3727 745 3774 No·
780 3724 866 3773 indicat
877 3735 900 3774 et
910 3725 955 3787 leg.
967 3728 1074 3773 ratione..

231 3799 337 3838 mentum
344 3791 435 3853 longius
441 3794 518 3840 aberat
525 3800 548 3840 et
554 3790 689 3839 duodecimo
699 3790 747 3838 fere
813 3783 1072 3854 Necabtpromptum]
1082 3791 1239 3854 Ipsede'sead
1247 3794 1297 3842 Ne-

230 3854 315 3916 lapide.
348 3855 402 3902 Nisi
411 3855 430 3902 si
441 3864 527 3904 tractus
538 3869 564 3903 eo
573 3870 651 3903 versus
661 3855 745 3902 hucus-
778 3867 875 3901 ranem:
889 3856 949 3900 Non
956 3855 1063 3901 blandiar
1071 3856 1244 3914 aurttm'ruts5
1255 3874 1297 3906 me

232 3933 277 3981 quc
289 3919 454 3968 Nomentanus
464 3919 582 3968 dicerem.
616 3919 692 3966 lues.
738 3921 739 3926 ’
778 3919 842 3964 caim
852 3919 959 3964 miniato
967 3925 1066 3966 nwrert.
1090 3921 1297 3969 Maluerimvera‘r

268 3983 355 4029 Villam
367 3984 443 4044 globis
457 3984 662 4045 militameeprit]
690 3983 746 4030 Gle-
779 3982 1204 4043 ‹prenderaqaamplacereadalamm
1220 3983 1296 4034 lars.

234 4047 268 4092 bis
281 4055 328 4092 non
338 4047 421 4106 glabra
435 4047 508 4095 MSS.
526 4046 562 4093 rt
581 4044 651 4108 (Agr.
669 4045 745 4106 Bud.)
811 4047 890 4092 Nulla
897 4046 1095 4108 pavoriesigaa]
1107 4047 1296 4110 Iegehac'cum

231 4109 312 4156 ,Guelfi
324 4107 359 4156 ed.
376 4125 411 4172 pr.
426 4111 488 4158 unde
503 4110 601 4173 recipere
612 4115 662 4156 'non
678 4109 747 4157 dubi·
778 4111 945 4171 sequentibus3
967 4118 990 4157 et
1010 4109 1114 4169 admitte,
1135 4111 1209 4172 sodes,
1232 4115 1297 4162 calu-

234 4173 289 4220 tavi·
321 4173 359 4220 Sic
372 4174 462 4236 eteod'
472 4174 532 4236 ch.
545 4183 569 4220 at
580 4174 745 4234 Goth-glebas.
779 4173 951 4222 mniusDionis
984 4175 1061 4222 lars.
1341 4187 1344 4192 '

230 4236 277 4283 Ad
287 4236 441 4284 invadendum
450 4241 531 4299 globus
548 4237 646 4286 sufficit:
666 4237 747 4286 adab·
812 4240 904 4286 Itinere
925 4241 1039 4300 raditum,
1058 4241 1110 4303 sed]
1137 4239 1193 4290 MS.
1216 4243 1295 4289 Guell'.

233 4299 340 4348 sidendos
349 4313 429 4347 omnes
439 4302 499 4352 villae
514 4301 589 4351 aditus
597 4303 661 4363 globi
672 4303 748 4366 requi·
781 4303 906 4350 redditam.
923 4301 979 4351 MS.
995 4305 1056 4366 Reg.
1068 4312 1091 4351 et
1106 4303 1143 4350 ed.
1158 4320 1193 4366 pr.
1207 4308 1297 4354 redita.

234 4373 325 4413 rantur.
359 4364 431 4416 Ean.
782 4381 843 4414 ram.
876 4366 949 4416 Ean.
983 4367 1167 4417 Budradttam.
