3042 4950
240 226 272 265 n.
287 226 313 265 c.
328 209 389 280 52]
558 206 634 264 LIB.
655 202 723 260 XII.
750 204 840 262 CAP.
859 206 908 270 44,
923 208 971 263 45.
1257 206 1294 261 95

239 373 359 434 meatus
373 368 593 455 portabantur3
617 386 674 429 nec
696 386 781 429 nunc
799 362 1021 427 infecunditate
1040 364 1216 428 laboratur:
1239 361 1294 425 sed

241 453 382 518 Africam
435 451 497 515 tius
516 465 547 514 et
561 452 741 547 AEgyptum
761 469 950 525 exercemus,
969 448 1163 533 navibusque
1176 464 1208 513 et
1221 446 1296 513 camb

240 540 301 602 bus
314 537 379 600 vita
421 558 441 599 o
463 535 656 599 uliRomam
669 534 817 621 permissa
830 546 885 597 est
1093 582 1101 594 ,
1291 560 1294 567 ·

284 621 411 684 XLIV.
478 620 570 684 odem
589 642 670 683 anno
687 618 816 695 bellum,
839 618 920 681 inter
942 614 1107 681 Armenios
1129 614 1298 699 lbercsque

241 719 396 782 exortum,
412 704 537 769 Parthis
553 726 679 801 quoque
692 727 728 768 ac
743 702 894 768 Romanis
907 700 1158 787 gravissimorum
1171 699 1253 761 inter
1267 720 1299 762 se

242 802 386 853 motuum
405 810 515 852 caussa
529 789 601 851 furt.
645 788 740 854 Genti
760 788 949 853 Parthorum
965 784 1129 869 Vologeses
1145 782 1301 869 imperita·

82 850 92 863 ἱ
131 866 136 889 “
242 876 307 952 bat,
321 886 460 937 materna
473 873 590 959 origiue
602 894 642 935 ex
661 871 768 959 pellice
787 872 910 949 Graeca,
929 890 1074 935 concessu
1087 869 1232 944 fratrum,
1254 889 1301 931 re·

243 959 343 1044 gnum
367 958 518 1043 adeptus:
557 958 666 1022 Iberos
691 958 923 1033 Pharasmanes,
947 966 1072 1018 vetusta
1199 952 1300 1030 sione3

244 1042 412 1106 Armenios
431 1042 527 1105 frater
548 1042 616 1126 ejus
641 1039 840 1105 Mithridates
860 1040 1021 1103 obtinebat
1043 1038 1094 1125 op’
1120 1060 1157 1101 us
1179 1037 1299 1101 nostris.

244 1128 325 1190 Erat
341 1125 541 1190 Pharasmani
560 1123 653 1202 filius,
676 1124 800 1188 nomine
818 1123 1053 1199 Rhadamistus,
1070 1122 1182 1186 decora
1195 1144 1302 1207 proce-

246 1210 348 1287 ritate,
363 1210 395 1271 vi
414 1209 549 1295 corporis
567 1208 625 1271 insi
670 1208 705 1286 a,
724 1221 757 1272 et
770 1207 886 1295 patrias
907 1220 988 1271 artes
1006 1207 1145 1283 edoctus,
1159 1205 1303 1292 claraque

244 1294 326 1357 inter
345 1291 462 1356 accolas
481 1293 574 1357 fairra.
619 1230 706 1371 ᾗῇ
719 1293 877 1357 modicum
897 1291 1010 1356 Iberiae
1028 1312 1159 1376 regnum
1182 1304 1303 1353 senecta
1330 1331 1333 1335 -

245 1375 343 1463 patris
356 1375 515 1455 detineri,'’
529 1376 662 1441 ferocius
675 1378 875 1463 crebriusque
892 1376 1041 1463 jactabat,
1055 1395 1150 1460 quam
1165 1387 1201 1436 ut
1215 1374 1303 1459 cupi-

246 1462 350 1525 dinem
374 1461 551 1525 oocultaret.
604 1461 707 1547 Igitur
735 1462 960 1526 Pharasmanes
984 1462 1133 1547 juvenem
1199 1457 1303 1521 tentiae

246 1558 411 1632 promptae,
431 1556 464 1609 et
485 1545 589 1610 studio
647 1546 804 1632 pularium
823 1546 1005 1623 accinctum,
1021 1543 1160 1632 vergenti
1181 1564 1219 1605 us
1235 1543 1303 1627 jam

246 1630 336 1693 annis
350 1630 413 1693 suis
425 1644 575 1708 metuens,
625 1631 741 1695 'amad
758 1652 842 1717 spem
866 1630 996 1707 trahere,
1018 1640 1050 1691 et
1064 1627 1304 1691 “Armeniam'’

247 1727 409 1791 ostentare,
426 1721 448 1753 “
461 1714 558 1799 pulsis
573 1715 698 1779 Parthis
712 1714 818 1779 datam
830 1712 1008 1778 Mithridati
1023 1713 1177 1791 asemet,''
1190 1730 1305 1775 memo-

248 1797 365 1862 rando:
395 1798 450 1861 sed
470 1806 491 1837 “
505 1798 569 1863 vim
589 1798 803 1881 differendam,
823 1814 855 1863 et
870 1798 1021 1885 potiorem
1042 1798 1161 1875 dolum,
1200 1818 1242 1859 uo
1258 1797 1306 1858 in-

249 1893 375 1946 cautum
393 1883 630 1978 opprimerent.l
673 1885 723 1948 Ita
743 1883 977 1959 Rhadamistus,
996 1881 1139 1958 simulata
1158 1820 1307 1944 adversus

248 1978 369 2053 patrem
394 1966 557 2046 drscordia,
581 1981 739 2054 tamquam
761 1990 902 2032 novercae
923 1966 1002 2029 odiis
1019 1966 1119 2052 inpar,
1140 1965 1243 2051 pergit
1265 1964 1306 2027 ad

249 2064 416 2137 patruum:
437 2051 600 2139 multaque
614 2052 654 2115 ab
667 2075 705 2115 eo
719 2048 872 2129 comitate,
892 2051 925 2114 iu
940 2050 1071 2136 speciem
1084 2049 1228 2125 liberum,
1243 2048 1308 2111 cul-

250 2147 312 2211 tus,
328 2134 477 2219 primores
490 2135 712 2199 Armeniorum
728 2134 770 2199 ad
786 2159 835 2199 res
852 2158 948 2199 novas
961 2128 1070 2212 inlicit,
1083 2132 1193 2219 ignaro
1206 2145 1238 2196 et
1256 2155 1307 2197 or·

251 2232 344 2283 nante
357 2218 484 2305 insuper
499 2218 694 2283 Mithridate.

294 2302 405 2367 XLV.
428 2304 695 2369 Reconciliationis
710 2303 810 2389 specie
827 2303 1003 2388 adsumpta,
1017 2324 1174 2387 regressus
1194 2300 1235 2365 ad
1248 2280 1310 2398 ‘pa—

251 2402 338 2463 trem,
367 2392 390 2425 a
409 2388 621 2486 quaeIraude
647 2388 769 2504 confici„
783 2386 961 2484 potuerint,
981 2389 1147 2536 prompta».
1175 2399 1309 2486 numm!

251 2479 271 2512 ‘⁴
295 2483 396 2536 cetera
423 2493 516 2552 amus
544 2474 748 2559 exsequenda.
826 2475 953 2575 Interim
1013 2472 1213 2565 harasmanes
1234 2470 1310 2536 belh

285 2707 343 2770 Afr.
358 2712 381 2754 ct
391 2706 449 2767 AEg.
462 2705 607 2770 exercemur]
624 2705 662 2756 Sic
676 2707 715 2770 la,
726 2707 767 2756 54.
798 2703 930 2755 Broterium
944 2703 1045 2763 habent;
1065 2713 1089 2752 et
1104 2703 1139 2752 ed.
1155 2701 1191 2769 pr.
1206 2705 1261 2752 dare
1271 2721 1311 2773 vp-

251 2773 361 2833 patrlam
371 2771 444 2818 tolum
454 2772 595 2818 exercebant.
798 2769 858 2817 luitz
874 2768 915 2816 sed
931 2768 986 2816 vitio
1002 2783 1123 2831 operarum
1139 2769 1216 2830 prima
1229 2785 1313 2831 praece·

286 2837 414 2892 Eranam,
431 2835 530 2882 Parma
540 2849 629 2896 qaoque
639 2836 694 2898 etc]
711 2833 768 2882 Ms.
799 2831 1314 2894 dentisverbisyllabarepetitalactumlgac-

186 2916 191 2922 ·
255 2897 334 2945 Guelf.
346 2904 454 2944 ramum
468 2904 510 2956 cat,
522 2899 667 2960 Partlrlaqac
679 2899 769 2958 11ch-
800 2895 875 2944 route.
925 2894 1104 2944 Distinctioncm
1130 2894 1206 2959 Iaipsii
1227 2897 1314 2945 habent

255 2962 333 3008 mnia
344 2969 388 3008 etc.
407 2959 540 3023 vulgatum
548 2959 639 3009 melius.
656 2961 728 3009 Ean.
800 2960 837 3009 ed.
851 2975 887 3022 pr.
907 2957 999 3007 Puteal.
1015 2959 1071 3007 Riv.
1088 2959 1143 3007 Ber.
1165 2969 1188 3007 et
1204 2959 1258 3008 Alc.
1278 2977 1314 3008 se·

287 3025 404 3072 Potentia
405 3023 534 3088 prompta]
544 3023 620 3080 Malo,
624 3031 769 3086 proruptam.
800 3031 886 3087 querite
892 3023 1143 3084 mochgreamqucr
1156 3024 1196 3071 sed
1206 3025 1313 3088 copulam

256 3087 332 3136 Iarrs.
365 3087 470 3135 Freinsh.
487 3095 566 3135 autem
577 3087 677 3138 malebat
683 3103 769 3150 propr·
801 3102 855 3134 cum
872 3094 958 3151 puncto
975 3085 1117 3150 precedente
1134 3087 1228 3135 srrsmlit
1248 3088 1314 3134 Rhe

256 3167 312 3198 rum
325 3165 339 3198 e
354 3151 379 3210 4,
391 3153 430 3198 59.
447 3152 539 3198 clientes
549 3153 676 3212 apiscendae
686 3158 770 3214 poten-
801 3165 890 3209 nanus;
907 3148 970 3213 quod
987 3150 1055 3197 ceteri
1071 3149 1142 3198 secuti
1159 3160 1227 3198 sunt«
1253 3147 1314 3213 Ego,

255 3217 295 3261 tloe
304 3216 419 3276 properi.-
437 3213 477 3262 sed
493 3212 575 3261 deinde
590 3224 668 3262 tamen
683 3215 770 3263 delabi·
801 3213 865 3278 quod
877 3227 939 3260 nuuc
958 3220 1001 3270 est,
1014 3228 1095 3261 verum
1109 3223 1173 3276 puto.
1209 3214 1265 3261 Non
1277 3229 1314 3261 so·

256 3275 527 3338 turreautvelitpctius
538 3279 679 3340 impetenda
686 3293 771 3340 prom-
801 3278 851 3325 lent
871 3276 951 3324 latini
966 3274 1077 3324 ablativos
1095 3277 1262 3340 consequentia
1277 3278 1314 3325 bis

256 3349 293 3388 toe.
320 3339 385 3388 Mihi
394 3340 456 3404 prior
466 3339 771 3405 conjecturamagisplacet3
801 3355 886 3404 ponere
901 3338 926 3386 in
948 3339 1028 3386 eadem
1048 3339 1150 3402 periodo,
1174 3341 1245 3388 nullis
1265 3340 1316 3388 aliis

256 3411 387 3451 nectamur
398 3403 513 3451 eustach.
546 3405 611 3452 Nam
620 3404 771 3468 potentiavix
802 3404 877 3452 verbis
893 3401 1039 3466 interpositis.
1072 3401 1157 3452 Paullo
1173 3412 1227 3452 ante
1245 3404 1316 3452 etiam

257 3465 509 3530 satisaptahuicloco3
526 3467 771 3530 aptiorforetaadaclc
803 3467 882 3516 Guelt
908 3474 932 3514 et
955 3465 991 3514 ed.
1014 3464 1057 3528 pr.
1075 3468 1102 3514 ia
1125 3483 1188 3529 pem
1209 3469 1316 3516 liberam.

252 3536 357 3592 promta.
391 3530 418 3578 si
427 3531 548 3593 vulgatum
559 3545 639 3578 verum
650 3540 692 3592 est,
702 3531 771 3580 iutel-
803 3531 875 3578 Ean.
906 3529 971 3578 Bud.
991 3527 1072 3577 itidem
1090 3531 1258 3580 dbtinctionem
1274 3532 1316 3580 1.i-

257 3592 377 3656 ligendum
388 3593 435 3641 sic:
452 3593 773 3659 quifaoileprorumperetad
803 3594 848 3657 psii
863 3594 941 3654 habet,
961 3601 985 3640 et
1004 3592 1058 3642 dein
1079 3601 1175 3642 mortu.
1188 3628 1196 3642 .
1210 3611 1317 3657 aegras·

257 3655 384 3719 potentiam
402 3657 568 3720 usurpandam.
603 3657 664 3706 Mox
681 3659 717 3707 ed.
736 3675 772 3723 pr.
804 3674 843 3705 aa
860 3657 910 3706 sine
931 3656 1029 3718 copulat
1052 3660 1164 3720 porreta
1263 3661 1318 3708 llbe-

258 3721 413 3782 urgentium
441 3721 583 3770 cavaticas
593 3723 774 3786 suprajamob-
804 3737 867 3769 rum.
897 3719 1174 3784 InFlordegioraoate,
1200 3724 1318 3772 acGron.

260 3790 348 3832 servata
358 3792 398 3832 est.
440 3797 488 3832 arr.
804 3794 880 3848 negat.

291 3850 384 3908 ngro
401 3854 424 3895 et
442 3854 539 3895 maante
556 3850 651 3910 insuper
669 3849 773 3896 Mithri.
841 3851 899 3906 Quoe
910 3850 1002 3912 fraude
1018 3850 1111 3913 confici]
1135 3849 1174 3898 Ita
1190 3849 1322 3898 emendavi-

260 3911 324 3973 dutc]
337 3910 376 3958 Ita
383 3910 512 3971 emendavi,
520 3911 595 3959 nescio
605 3926 635 3959 an
645 3920 711 3972 recte.
728 3913 773 3960 Di·
806 3927 868 3960 mus.
899 3912 967 3962 Male
983 3912 1060 3976 vulgo,
1078 3928 1123 3974 qao
1132 3913 1225 3977 fraude
1239 3916 1321 3975 conflet

260 3973 381 4022 stincticne
394 3973 472 4036 potius
486 3983 606 4038 peccatum
620 3975 775 4035 causamen-
804 3978 920 4037 pctuerit,
941 3983 1035 4038 prante
1059 3979 1161 4025 cantur.
1204 3977 1322 4026 muntia

260 4036 371 4100 dumque,
382 4040 476 4098 Ignara
493 4045 622 4088 ammata
638 4043 656 4086 ι’.
669 4041 775 4088 Mauri.
807 4047 859 4086 est:
880 4048 962 4103 parata
982 4039 1027 4087 sibi
1046 4040 1193 4104 promtaque,
1214 4055 1268 4104 quie
1292 4039 1322 4088 ad

262 4101 322 4159 dote,
333 4103 529 4150 reconciliationis
535 4105 617 4164 specle,
629 4112 671 4152 etc.
685 4112 775 4156 senten-
807 4102 916 4153 fraudem
928 4111 1044 4168 spectent:
1061 4113 1135 4154 cetera
1144 4103 1323 4168 vimrcquircrc.

263 4164 295 4210 tia
316 4161 470 4214 continuante.
497 4166 572 4214 hirs.
614 4167 652 4216 Sit
669 4175 692 4216 et
713 4168 777 4216 Flor.
809 4166 883 4217 Islrs.

264 4225 352 4288 vulgo,
368 4236 466 4276 martir.-
484 4231 548 4292 quod
568 4231 638 4280 etiam
649 4231 721 4282 Mss.
739 4247 777 4293 ap.
