3042 4950
258 221 295 282 se
672 221 902 283 Anuamunr
1148 227 1328 299 [ausos.

264 384 339 449 dere
360 383 525 450 Octaviam
545 380 685 448 Domitio
694 385 722 448 :''
743 387 830 472 quod
851 385 935 452 retati
956 386 1121 473 utriusque
1140 408 1204 450 non
1223 387 1332 452 absur-

266 471 354 548 dum,
374 484 406 534 et
425 470 542 556 majora
603 471 791 534 refecturum
811 485 885 536 erat.
930 471 1032 536 Pollio
1049 472 1137 534 haud
1153 471 1333 558 disparibus

266 554 380 632 verbis,
396 576 432 618 ac
451 577 552 642 nuper
599 555 724 631 itelliuS,
747 568 868 620 censet:
891 555 1166 643 despondeturque
1189 557 1331 635 Octavia,

268 661 314 716 ac,
330 661 423 726 super
436 641 572 726 priorem
591 641 858 720 necessitudinem,
880 662 1012 726 sponsus
1028 641 1096 727 jam
1110 654 1143 705 et
1155 664 1251 728 gener
1264 645 1331 707 Do-

268 724 384 802 mitius,
398 725 516 811 oequari
531 725 722 804 Britannico,
739 725 849 790 studiis
862 725 979 802 matris,
988 741 1056 790 arte
1064 749 1184 806 eorum,
1200 726 1280 814 quis,
1288 727 1334 792 ob

268 823 441 874 accusatam
458 809 680 888 Messallinam,
696 811 775 876 ultio
787 833 827 875 ex
839 810 903 874 filio
917 810 1094 876 timebatur.

312 895 357 960 X.
381 899 443 959 Per
456 895 540 959 idem
554 907 677 981 tempus
690 895 719 960 le
760 895 785 958 ti
799 895 989 960 Parthorum
1002 897 1044 962 ad
1058 896 1278 984 expetendum,
1292 910 1330 962 ut

229 1035 234 1042 .
268 980 371 1058 retuli,
387 979 594 1044 Meherdaten
609 979 703 1059 missi,
719 919 870 1046 {iustum
883 981 1113 1067 ingrediuntur,
1125 982 1238 1046 mande
1290 1005 1335 1047 ue

268 1064 300 1126 in
315 1065 400 1129 hunc
413 1065 543 1129 modum
556 1063 725 1150 incipiunt:
749 1073 772 1104 “
788 1069 862 1130 Non
877 1089 909 1129 se
922 1066 1048 1131 foederis
1061 1067 1196 1152 ignaros,
1207 1089 1263 1132 nec
1300 1092 1335 1131 e-

268 1149 402 1214 feotione
422 1173 442 1213 a
462 1150 579 1214 familia
594 1150 819 1216 Arsacidarum
835 1150 959 1226 renire;
990 1153 1044 1216 sed
1062 1151 1162 1217 filium
1178 1153 1334 1231 Vononis,

269 1255 309 1297 ne
352 1248 414 1299 tem
425 1234 601 1313 Phrahetis,
609 1236 754 1300 accedere
765 1236 913 1300 adversus
922 1236 1164 1300 dominationem
1176 1237 1332 1316 Gotarzis,

270 1257 423 1384 nobilitati
433 1319 581 1420 plebique
588 1321 683 1406 juxta
694 1319 929 1386 intolerandam.
964 1323 1170 1399 Jamfratres,
1181 1322 1337 1408 jampro-

269 1403 415 1490 pinquos‚
445 1427 496 1468 am
510 1404 633 1491 longius
656 1406 740 1485 sitos
755 1406 893 1471 caedibus
907 1407 1091 1472 exhaustos:
1115 1407 1209 1493 adjici
1223 1409 1336 1494 conju-

269 1511 324 1574 ges
332 1491 419 1576 gravi
478 1491 611 1569 ,liberos
621 1513 744 1577 parvos,
756 1493 834 1555 dum
848 1515 950 1555 socors
962 1493 1058 1571 domi,
1069 1491 1159 1556 bellis
1167 1492 1335 1570 infaustus,

269 1575 426 1660 ignaviam
440 1575 558 1640 saeritia
571 1588 664 1662 tegat.
709 1579 853 1640 Veterem
868 1576 926 1642 sibi
940 1600 976 1641 ac
990 1577 1115 1664 publice
1128 1589 1264 1664 coeptam
1278 1601 1334 1641 no-

270 1660 391 1724 biscum
406 1661 587 1725 amicitiam:
604 1675 635 1724 et
646 1662 892 1726 subveniendum
903 1662 1001 1739 sociis,
1016 1662 1131 1726 virium
1145 1663 1276 1740 aemulis,
1286 1686 1337 1726 ce·

271 1744 479 1832 dentibusque
503 1770 559 1833 per
581 1746 793 1811 reverentiam.
839 1748 917 1811 Ideo
936 1748 1065 1834 Regum
1083 1748 1205 1812 obsides
1221 1749 1341 1811 liberos
1365 1778 1368 1785 ·

270 1829 349 1910 dari,
366 1843 411 1909 ut,
427 1831 452 1894 si
473 1831 632 1896 domestici
651 1831 772 1918 imperii
787 1831 909 1909 taedeat,
931 1833 970 1897 sit
988 1855 1144 1920 regressus
1158 1832 1199 1896 ad
1215 1831 1337 1896 Princi-

271 1938 344 2013 pem
358 1917 540 2030 Patresque,
556 1939 689 2004 quorum
706 1917 846 1985 moribus
859 1916 1057 1982 adsuefactus
1070 1918 1144 1981 Rex
1158 1917 1266 1982 melior
1278 1916 1334 1982 ad-

271 2015 459 2064 scisceretur.

316 2085 384 2149 XI.
415 2083 483 2148 Ubi
501 2084 568 2147 haec
593 2097 626 2148 at
648 2107 688 2149 ue
710 2086 784 2149 talia
806 2086 1016 2164 dissertavere,
1039 2086 1147 2171 incipit
1164 2086 1338 2149 orationem

273 2170 380 2239 Caesar
402 2177 423 2208 “
438 2169 478 2234 de
492 2168 616 2253 fastigio
626 2107 787 2249 itomano,
808 2170 1060 2319 Parthorumque
1073 2171 1230 2256 obsequiis
1239 2171 1267 2233 θ’
1278 2194 1337 2234 se·

272 2278 335 2340 que
350 2257 391 2320 D.
408 2257 558 2340 Augusto
574 2255 774 2353 adaequabat,
793 2261 813 2294 “
829 2253 963 2342 petitum
985 2279 1004 2318 a
1046 2278 1083 2318 eo
1101 2256 1240 2352 Regemff
1254 2255 1361 2319 refe··
1454 2265 1460 2277 “

272 2362 353 2418 rens,
368 2339 480 2402 omissa
495 2339 615 2403 Tiberir
629 2363 798 2415 memona3
813 2362 1005 2426 quamquam
1020 2339 1046 2404 is
1082 2364 1187 2426 uoque
1200 2351 1336 2404 miserat.

272 2425 471 2511 Addiditque
493 2439 649 2511 praecepta
670 2425 796 2511 (etenim
817 2425 924 2490 aderat
943 2364 1158 2510 Meherdates)
1176 2432 1250 2489 “ut
1271 2447 1337 2489 non

272 2510 513 2575 dominationem
527 2522 559 2573 et
573 2534 686 2591 seruos,
706 2511 759 2575 sed
774 2521 924 2575 rectorem
938 2524 971 2575 et
987 2511 1069 2574 cives
1078 2512 1231 2597 cogitaret
1242 2536 1261 2585 ;·
1274 2511 1335 2574 cle·

273 2595 485 2682 mentiumque
499 2617 534 2659 ac
547 2595 710 2680 justitiam,
731 2606 850 2682 quanto
870 2596 979 2681 ignara
994 2596 1145 2675 barbaris,
1160 2608 1246 2659 tanto
1261 2596 1338 2660 toie·

307 2784 405 2844 Majara
420 2781 610 2844 patefacturum]
627 2781 643 2828 i.
659 2796 679 2829 e.
693 2780 791 2829 faeulta.
821 2787 888 2845 putat
902 2796 945 2843 pro
959 2782 998 2828 ed.
1031 2780 1086 2828 Hoc
1097 2788 1122 2828 et
1136 2780 1243 2829 Broteriu
1252 2780 1340 2831 mmm.

274 2855 322 2894 tem
341 2846 457 2907 majorum
478 2844 677 2906 perficiendorum,
700 2844 790 2892 aditum
822 2846 938 2893 Accedere
954 2844 1033 2893 Rhea.
1047 2848 1138 2908 probat,
1152 2845 1193 2893 scd
1204 2846 1287 2892 retinet
1296 2861 1337 2891 ec-

273 2908 403 2971 rdmajora
418 2908 534 2956 daturum.
568 2908 630 2957 Mox
646 2912 791 2972 aepcrprto-
822 2923 918 2956 ccreere.
946 2908 1015 2957 Prius
1024 2908 1340 2973 istudsoepenosterabsqne

274 2989 325 3021 rem
336 2976 394 3021 bone
408 2973 481 3021 erud.
502 2972 566 3021 Flor.
582 2974 692 3021 Pithone.
724 2974 791 3021 Ante
822 2973 919 3036 repetita
936 2974 1096 3037 prepositioue
1108 2981 1214 3037 usurpat,
1231 2980 1260 3020 ut
1273 2974 1339 3021 abt

274 3038 363 3100 mdgati
382 3052 462 3087 omnes
478 3038 621 3084 sewadems
643 3046 671 3085 ut
690 3038 728 3099 ll,
749 3040 790 3087 38.
823 3038 898 3085 eas.
913 3038 967 3085 itam
979 3040 1004 3096 2,
1016 3039 1055 3085 58.

275 3103 347 3151 Esar.
371 3103 401 3150 In
411 3102 473 3149 Flor.
485 3100 512 3148 ι’.
527 3101 606 3165 Vulgo
617 3101 672 3150 huic
681 3116 791 3165 compen·
851 3103 927 3149 Beate
933 3100 1340 3166 infacetquIagautissimiingarii
1374 3128 1384 3135 ,

273 3168 312 3215 dio
320 3169 378 3216 solet
384 3166 470 3228 adponi
476 3182 496 3212 r.
513 3165 792 3215 Budhsbetrecendem.
823 3173 847 3212 ct
861 3166 971 3214 doctrina
985 3176 1063 3214 noster
1078 3166 1175 3214 Medius
1193 3167 1240 3229 (cp.
1257 3168 1297 3214 99.
1311 3165 1339 3212 in

313 3234 346 3279 Ut
355 3233 427 3279 retuli
453 3231 540 3287 11‚10.
558 3230 633 3277 ers.
653 3231 715 3279 Mox
725 3246 792 3278 mee·
824 3229 893 3277 (hut.
914 3229 1000 3292 namp.
1014 3231 1060 3278 vol.
1078 3230 1115 3293 5.)
1130 3233 1263 3278 observate
1279 3228 1342 3277 libro

276 3296 375 3357 doteque
438 3330 443 3341 .
463 3295 500 3340 FL
524 3294 603 3341 Gnclt'.
621 3294 657 3341 ed.
680 3310 715 3357 pr.
736 3295 792 3343 Put.
823 3302 907 3353 vetere,
926 3293 996 3351 (θοὰ.
1016 3292 1112 3357 Agric.)
1131 3295 1183 3354 belli
1202 3294 1341 3355 trrjhuetm

273 3358 793 3421 omnesqucadRhenanumzrestituitFrcin·
823 3367 899 3405 recte:
922 3373 951 3404 ea
970 3357 1054 3415 forma,
1074 3373 1121 3421 qua
1143 3356 1233 3404 minua
1254 3358 1339 3404 daras.

274 3423 384 3469 sbemins.
401 3422 473 3469 Enrt.
507 3422 545 3470 Sic
556 3430 579 3469 ct
588 3422 653 3469 Bud.
823 3420 899 3468 luna.
907 3420 953 3468 Ed.
961 3435 997 3482 pr.
1004 3424 1118 3482 bellisque.
1128 3420 1192 3467 Ante
1199 3420 1279 3470 sedeur
1286 3422 1340 3467 adi·

308 3487 354 3535 Sed
361 3488 444 3545 filium
460 3488 570 3541 Venena,
587 3492 692 3546 nepotem
709 3488 791 3533 Plera-
822 3485 945 3532 citritioee
962 3502 1003 3548 pro
1017 3488 1089 3545 edict,
1100 3485 1212 3549 scriptura
1222 3500 1282 3547 sape
1295 3487 1340 3533 ob·

274 3552 338 3598 teth
348 3549 462 3609 occedm]
476 3548 532 3597 Ms.
540 3548 577 3595 Fl.
585 3550 648 3597 Bud.
658 3550 717 3613 Agr.
727 3552 789 3614 Reg.
823 3549 868 3608 via,
879 3549 976 3597 sednon
986 3557 1112 3597 mustante.
1139 3550 1206 3597 Vitio
1215 3564 1337 3611 operarum

273 3614 354 3662 Guelf.
370 3613 406 3660 ed.
424 3628 461 3674 pr·
475 3614 588 3671 accedere,
601 3613 664 3675 quod
679 3623 739 3661 recte
755 3632 791 3662 re·
822 3613 847 3659 in
858 3614 894 3661 ed.
912 3614 1003 3660 Puteal.
1014 3614 1105 3675 irrepsit
1115 3615 1193 3676 objici,
1204 3612 1269 3675 quod
1284 3627 1338 3675 pre·
1356 3614 1363 3625 '

274 3680 398 3727 stituerunt
408 3675 513 3739 Ryckius
524 3684 547 3723 et
562 3677 615 3724 Jac.
626 3678 728 3725 Gronov.
741 3680 791 3726 Pu·
822 3686 934 3739 pegasum
949 3685 983 3723 est
1001 3677 1031 3726 ad
1042 3678 1191 3725 Rhenanum·
1200 3692 1283 3739 usquc,
1296 3675 1341 3739 qui·

274 3742 328 3791 teol.
349 3741 416 3789 dedit
436 3754 559 3798 occurere,
579 3740 635 3803 quia
651 3750 705 3789 ante
721 3757 790 3803 erepe-
822 3756 903 3787 rerum
911 3740 1016 3788 restituit.
1029 3742 1102 3789 Enrr.
1126 3741 1189 3789 Bud.
1201 3739 1338 3789 scilicethc·

275 3815 330 3865 tere,
356 3808 380 3864 6,
404 3807 442 3853 31.
460 3818 554 3865 poscere
576 3812 619 3851 etc.
641 3814 669 3853 ut
689 3806 789 3867 opinorg
821 3805 942 3858 betedici,
957 3814 984 3852 ut
998 3806 1107 3869 alisspro
1121 3807 1199 3868 adjici.
1216 3804 1338 3867 Ripaeo-

272 3870 337 3935 quod
387 3868 450 3915 uitur
461 3868 551 3915 Rivius
568 3867 659 3915 Verum
670 3870 695 3915 in
707 3869 787 3915 Guelf.
818 3868 905 3927 jectam
923 3870 1001 3916 addici
1019 3870 1056 3918 vel
1072 3870 1142 3917 morti
1160 3870 1198 3917 vel
1214 3868 1318 3915 scnituti
1328 3885 1337 3928 3

274 3944 328 3983 vett.
346 3933 375 3981 cd
393 3967 398 3980 .
415 3940 448 3980 est
469 3939 492 3978 et
505 3934 595 3993 fllium.
633 3931 676 3978 An
693 3931 789 3981 Tacit-us
821 3931 979 3994 quaellipsts
997 3933 1057 3981 dura
1074 3934 1144 3980 nimis
1162 3932 1221 3980 mibi
1238 3930 1339 3979 ridetur.

274 3999 363 4063 scripsit
374 3996 587 4045 rae-accederetur
607 3994 632 4041 id
646 4004 706 4043 certe
721 4011 788 4043 accu-
821 3993 907 4056 Ryckii
916 3996 967 4043 cod.
978 3999 1082 4058 bellum

273 4064 345 4111 ratius
356 4060 540 4125 antecedentibus
548 4066 707 4122 opponeretur.
726 4060 788 4107 Item
851 4061 879 4105 Ie
896 4072 985 4120 quoque
999 4063 1109 4124 miseret]
1128 4060 1163 4106 Et
1179 4057 1273 4122 quidem
1290 4067 1338 4107 tres

274 4126 326 4174 Jac
345 4128 447 4175 Gronov.
465 4124 512 4186 legi
533 4124 584 4171 vult
603 4125 789 4171 deminutionem
820 4122 922 4182 miserat,
940 4125 1071 4184 Vononem,
1090 4125 1223 4181 Phraatem,
1242 4122 1338 4172 Tirida·

273 4190 437 4238 intoleranda:
466 4189 522 4251 quic
544 4188 628 4235 ultima
643 4202 689 4237 vox
709 4189 742 4236 sic
762 4189 789 4235 in
820 4194 874 4233 tem.
907 4187 958 4237 Adi
965 4192 991 4248 2,
1004 4192 1025 4237 1.
1042 4192 1067 4246 6,
1074 4190 1113 4238 30.
1130 4203 1165 4250 sq.
1181 4187 1255 4235 Lm

251 4300 254 4309 ,
274 4253 323 4299 oud.
339 4254 377 4301 Pl.
391 4255 447 4301 Non
460 4252 535 4315 placet
548 4251 615 4301 mihi.
632 4250 704 4300 Eure·-
727 4252 790 4301 Bur.
854 4254 948 4309 Quane
969 4256 1057 4315 &aare
1075 4252 1192 4314 herberie]
1215 4251 1255 4298 Ita
1274 4252 1337 4301 edidi

273 4318 312 4362 aed
327 4322 365 4364 et:
389 4318 430 4365 ubi
452 4316 529 4365 Rhea.
546 4324 569 4365 et
584 4316 665 4366 vitiose
685 4319 787 4383 positum
819 4315 1080 4390 evurtio-Famem
1090 4326 1143 4368 erut
1159 4318 1251 4377 meta,
1266 4316 1339 4379 vulgo
