3042 4950
245 274 303 335 332
656 274 903 335 nunnmuu‘
1130 279 1306 351 [suen.

247 448 313 501 tet:
328 458 413 515 mox,
424 436 584 524 flagitante
598 436 704 522 vulgo,
719 444 742 475 “
751 449 788 500 ut
801 439 905 501 omnic
918 438 1021 501 studia
1036 461 1092 500 sua
1104 436 1308 523 publicaret,”

246 522 327 604 (haec
341 521 422 585 enim
437 522 532 586 verba
545 522 664 601 dixere)
679 522 711 583 in
749 522 853 585 editur
867 523 1034 601 theatrum,
1048 521 1167 586 cunctis
1180 522 1307 587 citharae

244 604 366 691 legibus
387 606 621 692 obtemperuns3
649 628 688 669 ne
723 628 808 669 essue
828 605 986 684 resideret,
1008 630 1048 670 ne
1070 605 1224 683 sudorem,
1247 608 1307 671 nisi

147 725 150 735 ·
245 712 292 767 ee,
307 713 403 776 quam
416 690 543 754 indutui
556 692 694 776 gerebat,
713 703 798 754 veste
811 690 983 775 detergeret
994 717 1003 765 3
1027 690 1164 753 utnulla
1178 691 1239 754 oris
1252 707 1308 757 aut

245 775 367 837 narium
393 789 587 841 excrementa
611 775 791 839 viserentur.
834 776 996 838 Postre'mo
1023 774 1124 838 flexus
1151 797 1246 859 genu,
1275 790 1307 841 et

245 872 362 924 coetum
373 859 462 923 illum
469 882 565 923 manu
576 856 750 936 veneritne,
762 859 928 923 sententias
934 859 1078 945 judicum
1087 859 1306 944 opperiebatur

245 944 318 1007 ficto
331 967 464 1030 pavore.
522 946 568 1007 Et
591 944 679 1029 plebs
702 942 829 1029 quidem
853 944 947 1021 urbis,
969 944 1153 1007 histrionum
1180 937 1307 1031 duoque

246 1040 352 1113 gestus
361 1030 474 1114 juvare
489 1028 586 1106 solita,
611 1028 794 1114 personabat
813 1027 904 1091 certis
915 1028 1016 1092 modis
1036 1028 1210 1126 plausuque
1223 1052 1307 1093 oom-

245 1114 355 1197 posito.
381 1112 535 1259 f(ilrederes
545 1112 667 1177 laetcri:
690 1134 726 1176 ao
737 1112 865 1175 fortasse
878 1111 1074 1190 laetabantur,
1089 1135 1145 1199 per
1155 1114 1312 1192 incuriam,

272 1197 367 1261 ublici
446 1196 500 1261 'tii
739 1221 742 1227 ’
1117 1224 1122 1231 ·

248 1220 271 1281 P
304 1283 340 1344 V.
366 1220 453 1345 Seiigl
452 1281 508 1367 qui
531 1282 656 1346 remotis
678 1304 695 1344 e
723 1280 910 1367 municipiis,
932 1304 1130 1368 severamque
1150 1282 1253 1348 adbuc
1274 1299 1307 1348 et

278 1482 434 1530 Eeersnnntc
445 1483 588 1544 viserentur]
606 1480 679 1529 MSS.
698 1479 760 1529 Flor.
792 1481 886 1529 detenet
897 1479 997 1529 andire:
1012 1477 1202 1545 prestetis'noces
1216 1496 1307 1544 organo

247 1545 310 1593 Bud.
329 1544 408 1593 ouen.
425 1544 460 1592 ed.
476 1560 512 1606 pr.
529 1548 637 1605 uberent,
654 1544 761 1604 subaudi,
792 1546 925 1602 duetorem
942 1552 964 1592 et
975 1548 1061 1593 itansl
1072 1548 1172 1607 quadem
1182 1548 1308 1593 harmonia

246 1616 390 1671 spectatores.
432 1608 573 1655 Puteolanus
598 1623 628 1655 ex
655 1623 682 1655 eo
708 1608 762 1655 fecit
792 1610 889 1656 &horre
912 1622 1038 1656 mecvm
1059 1612 1179 1657 theatrum
1198 1625 1244 1672 per
1266 1625 1309 1657 vos

248 1675 388 1783 {terrentem
411 1671 475 1735 quod
498 1686 578 1720 ornnes
603 1671 675 1719 secuti
699 1681 760 1720 sunt.
793 1675 1308 1785 mmtiammpliiiiuisuidweismdii

273 1748 322 1783 nn.
808 1752 887 1783 neme
911 1751 994 1784 mores.
1152 1752 1177 1783 m
1205 1751 1250 1785 unc

280 1800 365 1847 Flentes
381 1814 446 1861 genn
479 1798 532 1847 lmo
551 1808 575 1846 et
593 1798 704 1847 sollennia
725 1798 760 1845 hl-
792 1752 881 1847 risorem
899 1810 1035 1848 concentum
1053 1802 1155 1864 appellet
1174 1800 1264 1849 Plinius
1281 1802 1308 1848 in

246 1862 359 1910 strionum
372 1865 440 1911 verbs
515 1863 676 1924 pronuncians,
691 1863 764 1927 trigel
793 1864 881 1927 Peneg·
892 1879 913 1911 c.
926 1866 949 1910 2.
967 1866 1003 1912 Et
1012 1867 1115 1926 populus
1127 1865 1221 1926 quidem
1236 1867 1308 1913 Rom.

244 1944 287 1985 μου
300 1928 443 1984 ιύμειιῶςμου
458 1922 574 1972 ἀκούσατε.
607 1926 646 1974 Ex
663 1942 710 1989 quo
726 1928 762 1975 in-
793 1928 903 1975 dibctum
915 1930 1058 1991 Principum
1072 1936 1159 1988 servat,
1178 1936 1309 1990 quantoque

245 1988 338 2051 nitigis,
350 1988 407 2051 quid
419 1990 567 2051 principium
577 1988 640 2053 apud
655 1991 717 2037 Suet.
732 1988 761 2038 sit
788 1993 871 2053 paullo
885 1998 940 2038 ante
955 2000 1064 2041 mecm
1073 1993 1208 2055 formosum
1222 1995 1307 2052 eduen

246 2052 362 2100 Nerotl.
394 2054 761 2115 thnecmntititpcraetoprin·
792 2056 1149 2119 lsnncjhrtisstmumpersonat.
1173 2054 1309 2117 Unim-

245 2118 316 2178 ciple,
333 2118 427 2165 Nioben
442 2133 465 2164 se
480 2124 630 2164 mutaturum
641 2132 687 2179 per
703 2120 762 2166 Clu·
794 2121 823 2163 Εὐ
846 2122 908 2178 Spore
925 2119 1007 2179 intres,
1022 2119 1048 2167 in
1062 2120 1196 2168 Pertimce:
1210 2121 1272 2165 Ὅσα
1282 2138 1309 2165 τε

151 2241 154 2247 .
246 2182 312 2227 vium
335 2182 375 2227 Ru
404 2196 428 2227 m
445 2182 622 2243 presumente.
662 2180 761 2228 Antelo-
794 2182 893 2230 sinnam
919 2184 937 2227 is
962 2187 1007 2237 τοῖς
1030 2185 1130 2247 θεάτροις
1155 2185 1188 2229 inl
1215 2186 1244 2245 τῇ
1269 2188 1310 2229 τοῦ

244 2244 760 2381 inistentes..
793 2246 1210 2374 nectentneren
1226 2246 1310 2366 ee

245 2370 349 2433 legitimo
367 2372 476 2430 cermine,
494 2371 550 2417 olun
567 2380 690 2419 oratorum.
723 2370 762 2419 De
793 2371 1019 2440 γιλωότατωίξᾷδο..
1046 2372 1109 2420 Vide
1120 2372 1226 2435 quedem
1236 2373 1310 2433 hujus

245 2435 377 2484 adcretione
391 2449 472 2492 menn,
489 2434 625 2482 dicoadH.
639 2436 661 2481 l.
686 2434 762 2483 lure·
794 2434 912 2483 reindH.
926 2441 945 2484 1.
978 2435 1061 2485 lure.
1081 2437 1268 2501 Respicitedll.
1284 2437 1309 2496 l,

246 2500 355 2556 Petebat,
372 2509 400 2547 ut
414 2498 513 2559 videtur,
531 2499 561 2546 ed
575 2513 595 2546 c.
609 2501 648 2546 36.
663 2501 761 2546 denec
793 2499 834 2545 35.
845 2515 913 2547 ruere
924 2503 950 2547 in
956 2502 1063 2562 plausus,
1075 2501 1115 2549 sed
1125 2512 1149 2549 et
1157 2502 1196 2550 hic
1206 2510 1273 2550 tecet.

246 2565 352 2625 uulgum,
369 2570 448 2611 notare
463 2563 578 2626 quedem,
595 2562 762 2624 sedpromiseis
827 2565 877 2611 Per
896 2566 932 2611 in*
950 2567 1012 2612 riam
1028 2583 1055 2628 p.
1075 2564 1113 2628 fl]
1140 2566 1194 2613 Hoc
1213 2566 1309 2613 nullum

247 2642 294 2674 non
305 2628 375 2675 stetit.
793 2641 885 2674 sensum
934 2630 993 2676 ubet.
1036 2631 1160 2677 [mnium
1193 2645 1310 2678 currem

278 2693 313 2738 Et
335 2699 417 2740 cetum
438 2694 506 2740 illum
530 2708 602 2741 mann
626 2694 760 2757 veneratus]
793 2689 914 2739 Acidaliae
927 2701 950 2738 et
968 2692 1127 2749 Boxhoruius‚
1145 2693 1217 2756 idque
1234 2692 1310 2740 urinis

247 2754 276 2800 In
287 2755 355 2818 culpe
369 2755 434 2818 ponit
451 2755 553 2804 Tacitus.
579 2757 670 2804 Temen
683 2756 761 2818 impe·
793 2754 818 2800 in
834 2763 935 2802 mentem
950 2756 1042 2814 veniet3
1058 2756 1122 2819 qnod
1137 2766 1172 2804 eet
1187 2757 1310 2804 evidentia

246 2818 359 2866 tatoribus
369 2827 449 2882 postes
459 2819 483 2866 id
494 2828 618 2878 servatum,
635 2828 663 2867 ut
673 2820 763 2867 solenni
793 2817 894 2880 signum
927 2819 996 2866 Unde
1015 2820 1112 2881 recipere
1127 2835 1174 2866 uon
1193 2821 1308 2868 dubitavi.

245 2883 291 2929 ritu
305 2883 418 2945 populum
432 2883 662 2931 edorerentincirco.
690 2883 761 2930 Cleu.
793 2881 864 2929 Eun.
887 2882 1189 2947 SequunturhestetBip.
1217 2885 1312 2947 Sequor

244 2945 327 2992 dianus
346 2947 440 3008 pulchre
460 2945 499 2994 De
520 2945 558 2993 VI
575 2946 644 2994 Cone.
663 2945 762 2994 Honorii
793 2953 877 3008 etego.
910 2946 997 2993 Contra
1014 2946 1132 2994 Broterius
1150 2947 1212 3009 vulg.
1234 2956 1308 3005 tenet,

243 3009 301 3055 611.
313 3010 336 3056 0
346 3013 554 3072 qnontnmpopnlo
564 3013 646 3058 moreti
655 3012 761 3058 numinis
793 3017 817 3055 ct
827 3025 881 3058 cum
897 3009 986 3057 Huetio
996 3010 1029 3058 its
1039 3011 1147 3072 exponite
1165 3010 1260 3058 etsisibi
1271 3011 1310 3057 in-

243 3074 313 3119 odds‘t
331 3076 433 3135 Imperii
446 3089 550 3134 presens
605 3077 670 3122 cies!
688 3089 761 3134 qnan-
790 3073 904 3136 jurisper
914 3073 1033 3136 publicum
1048 3073 1092 3128 hnc
1106 3073 1219 3138 flagitium
1235 3074 1308 3134 fieret,

245 3144 338 3197 tamque
357 3139 462 3199 rependit
483 3137 566 3201 Mnjest
613 3139 703 3185 alterna
725 3141 762 3185 ni·
793 3144 817 3182 et
831 3151 943 3199 magnum
957 3135 1002 3188 sibi
1014 3137 1112 3185 dedecus
1124 3138 1305 3186 conscisceretur.

245 3203 315 3248 cem!
333 3216 386 3248 cnsn
396 3203 463 3262 regin
474 3203 532 3248 circi
550 3203 686 3250 Connennm
700 3217 761 3262 gre·
794 3199 884 3248 Verum
892 3199 1022 3263 praepositio
1027 3198 1074 3262 pei
1081 3201 1308 3260 osussaevimhsbet,

245 3265 686 3327 dilus‚uenerotnrpnrpnra‚vulgns,·
699 3267 760 3314 Con·
794 3271 817 3311 et
835 3264 896 3312 mele
913 3265 945 3311 sic
965 3264 990 3310 in
1006 3263 1172 3313 advenuvsm
1186 3265 1307 3329 detorque·

244 3331 358 3389 sensu-que
371 3329 586 3378 uvaesntntsstn
596 3330 761 3376 etherannhs
793 3337 839 3375 tur.
1267 3336 1275 3353 ⁶

246 3392 326 3439 Plebis
344 3394 446 3440 aterne
465 3395 541 3440 reboet
552 3394 651 3455 fragor.
685 3392 759 3442 Iurs.
826 3395 980 3456 Severamqne
1002 3397 1089 3460 affine]
1117 3396 1179 3444 Rod.
1199 3396 1308 3458 Agricola

245 3453 307 3503 Mox
319 3458 384 3517 plebs
401 3458 467 3504 urbis
485 3456 558 3505 MSS.
576 3457 611 3504 ed.
632 3471 666 3518 pr.
685 3457 762 3506 Rhen.
792 3455 891 3519 legebas,
907 3474 1035 3520 severeque,
1050 3470 1082 3519 et,
1097 3463 1209 3508 retinente
1224 3461 1319 3506 rtatim

245 3519 355 3580 (eBud.)
372 3521 550 3568 ewatPuteol.
566 3520 619 3568 niv.
637 3519 690 3569 Ber.
705 3520 761 3568 Alc.
794 3519 868 3568 lure.
908 3522 1004 3586 Recepit
1033 3523 1138 3571 Freineh.
1163 3539 1215 3571 cum
1243 3537 1306 3586 seqq.

246 3585 329 3642 vernn,
347 3585 415 3632 male.
428 3586 620 3646 devergente,
632 3592 666 3632 est
676 3583 759 3640 favore,
793 3584 898 3647 Ryckius
908 3595 985 3634 eutem
995 3602 1025 3633 ex
1041 3587 1091 3650 ipso
1105 3587 1154 3652 eod.
1169 3588 1229 3650 Agr.
1245 3585 1308 3634 dedit

245 3646 338 3708 plausu,
347 3647 441 3696 incitare
451 3647 554 3694 studium
564 3647 686 3696 histrionis.
704 3647 758 3696 niv.
792 3655 815 3694 et
825 3650 900 3695 adhinc
912 3651 1021 3710 aarum:
1039 3651 1098 3697 nihil
1114 3651 1190 3698 refert
1225 3649 1308 3712 sript

248 3715 269 3770 Ι,
287 3711 326 3758 25.
344 3718 395 3758 tsnn
411 3713 510 3758 clamore
526 3713 632 3758 Rotnani
648 3713 761 3774 adunant
792 3720 816 3758 et
828 3712 880 3759 edd.
890 3722 946 3760 ven.
961 3727 1042 3761 omnes
1057 3730 1206 3776 severamque
1220 3731 1243 3761 a.
1254 3729 1273 3761 e.
1283 3730 1306 3760 s.

246 3775 443 3831 muneramus,-
460 3774 761 3838 quodidemc.12.vocet
793 3791 825 3823 m.
847 3778 971 3823 retinentes
992 3779 1099 3836 Italiam,
1124 3778 1188 3840 quod
1211 3777 1308 3826 restituit

239 3838 326 3900 sunere
336 3841 419 3886 addere
430 3841 543 3886 animum.
576 3838 648 3886 Eun.
794 3840 922 3886 Broterius.
952 3841 1014 3888 Sane
1023 3843 1054 3890 ob
1063 3857 1139 3889 unum
1151 3842 1207 3890 item
1221 3841 1307 3889 librum

279 3903 354 3950 Certis
375 3904 450 3950 modis
470 3904 600 3964 plausuque
624 3902 760 3968 composito]
794 3917 841 3950 non
859 3903 972 3950 mutanda
990 3913 1039 3952 eret
1059 3905 1136 3965 lectio,
1157 3922 1211 3968 quse
1230 3914 1308 3952 tamen

246 3965 294 4012 Ars
315 3966 387 4023 enim,
405 3966 425 4013 si
440 3965 553 4028 displicet,
574 3965 693 4029 utriusque
711 3967 758 4022 rei;
792 3966 902 4030 explicari
912 3974 995 4029 potest.
1027 3969 1090 4017 Mox
1106 3971 1243 4031 longinquas
1258 3968 1306 4016 edi·

246 4028 565 4092 acclamandietpleudendi.
593 4030 760 4092 ltaqueeddit
792 4029 828 4078 dit
847 4031 949 4078 Pichene
966 4031 1059 4080 velute
1078 4032 1141 4080 Flor.
1157 4049 1200 4096 pro
1218 4033 1308 4092 longas.

239 4107 300 4138 cnm
310 4094 417 4139 nunnus
427 4094 510 4140 nesciis
513 4095 662 4155 fatiscerent,
679 4095 759 4154 turle-
793 4093 840 4142 Sed
857 4094 883 4140 in
904 4093 981 4142 codiee
1002 4095 1043 4142 illo
1064 4106 1098 4144 est
1118 4099 1222 4158 bunum,
1244 4094 1308 4158 qnod

246 4163 299 4202 rent
322 4171 419 4217 gnaros.
463 4157 492 4203 In
522 4155 595 4204 edicto
625 4156 761 4206 Theoderici
793 4157 852 4205 nihil
862 4157 927 4205 aliud
937 4166 1052 4222 estquem
1070 4161 1159 4222 longas.
1191 4159 1309 4208 sunum

246 4219 318 4281 Regis
339 4219 369 4266 sd
390 4219 505 4283 populum
525 4220 597 4268 Bnm.
618 4235 654 4282 cp.
682 4227 702 4276 l,
720 4222 761 4269 31.
793 4223 930 4286 scripturam
951 4222 977 4269 in
998 4221 1054 4270 Ms.
1077 4223 1139 4273 Livii
1161 4224 1224 4286 cepit
1246 4222 1310 4270 Drs-

246 4282 336 4329 Ven'ur.
348 4282 492 4331 Cassiodori:
511 4284 595 4331 Soletis
610 4298 666 4331 aere
683 4276 761 4346 ipsneis
793 4285 949 4344 resume,
967 4290 1002 4335 18.
1030 4287 1157 4336 Enimvero
1173 4301 1254 4335 omues
1268 4286 1309 4334 atii

247 4347 364 4406 undifluis
386 4347 481 4408 implere
502 4348 649 4407 ebenurdus,
671 4356 694 4394 ct
715 4364 762 4396 nno
794 4348 846 4396 libri
866 4350 953 4396 hebent
979 4352 1077 4412 longas.-
1100 4359 1130 4406 et,
1155 4353 1240 4413 longus
1265 4365 1310 4413 pro

247 4421 300 4456 sesso
319 4410 402 4470 dicere,
419 4411 479 4471 quod
495 4411 557 4473 ipsas
573 4426 659 4474 quoque
677 4413 761 4460 bellm
794 4414 934 4476 longrinqnus
949 4413 1006 4475 dici,
1020 4414 1088 4463 hodie
1105 4415 1250 4464 notissimum
1266 4423 1310 4462 est.
