3042 4950
246 264 305 324 aas
668 254 893 320 lunanum
1137 250 1301 323 [naeu.
1344 255 1347 262 ¹

251 416 385 487 arbitro”
407 418 595 506 permittens.
639 418 701 495 Ea,
717 416 855 487 caedibus
868 412 1010 501 peractis,
1028 409 1165 474 ludibria
1177 406 1302 492 adjicie-

253 507 381 653 baliiil.
404 589 441 651 P.
459 584 582 663 Gallus,
598 582 706 670 Eques
721 546 893 659 Romanus
907 580 993 667 quod
1008 579 1106 643 Fenio
1121 576 1210 640 Rufo
1231 574 1303 637 inti-

251 694 324 737 ‘mus
338 688 369 736 et
383 671 492 755 Veteri
506 690 568 732 non
582 668 699 731 alienus
712 669 825 742 fuerat,
839 688 921 750 aqua
935 680 1029 749 atque
1048 662 1114 747 igni
1127 658 1302 755 prohibitus

254 768 308 820 est.
352 756 483 819 Liberto
497 764 528 817 et
542 752 716 815 adcusatori
753 749 893 813 raemium
907 771 1021 834 operoe,
1035 746 1121 809 locus
1135 766 1167 805 1n
1183 743 1302 805 theatro

254 840 335 903 inter
349 840 481 903 viatores
500 835 708 912 Tribunicios,
724 774 824 898 riatur.
868 834 914 895 Et
935 830 1057 907 mensis,
1072 827 1128 914 qui
1149 825 1299 911 Aprilem,
1347 874 1350 878 .

255 923 466 1006 eumdemque·
484 917 681 995 Neroneum,
708 918 905 1003 sequebatur,
936 914 1043 978 Maius
1074 911 1211 986 claudit,
1240 911 1300 1005 Ju-

254 1008 325 1070 nius
353 1005 545 1080 Germanici,
568 1002 727 1065 vocabulis
754 1005 933 1063 mutantur:
956 997 1136 1061 testificante
1159 993 1301 1058 Cornelio

254 1091 370 1165 Orfito,
385 1089 441 1185 qui
459 1088 493 1151 id
515 1098 689 1163 censuerat,
709 1083 813 1146 “ideo
834 1082 968 1145 Junium
989 1102 1124 1143 mensem
1146 1078 1303 1141 transmis-

255 1196 335 1251 sum,
350 1195 425 1258 quia
439 1172 503 1234 duo
513 1170 579 1255 jam
596 1169 762 1253 Torquati,
777 1168 818 1230 ob
827 1166 940 1229 scelera
954 1164 1116 1240 interfecti,
1130 1162 1300 1225 infaustum

253 1280 366 1320 nomen
380 1258 403 1318 J
405 1255 514 1319 unium
528 1252 698 1316 fecissent.”
879 1277 881 1280 ·
1303 1282 1305 1287 ,

297 1341 403 1405 XIII.
419 1340 485 1403 Tot
498 1336 686 1401 facinoribus
699 1334 821 1401 foedum
834 1357 950 1400 annum
960 1331 1052 1399 etiam
1067 1330 1123 1397 Dii
1136 1344 1302 1417 tempesta-

255 1423 338 1488 tibus
351 1438 383 1487 et
397 1421 512 1485 morbis
528 1420 720 1505 insignivere.
765 1421 896 1484 Vastata
908 1418 1078 1504 Campania
1092 1417 1213 1479 turbine
1227 1437 1304 1477 ven-

254 1520 370 1585 torum,
385 1506 440 1591 qui
454 1504 552 1580 villas,
564 1505 700 1581 arbusta,
715 1505 822 1590 fruges
836 1504 947 1589 passim
959 1502 1095 1588 disjecit:
1111 1498 1303 1585 pertulitque

255 1590 431 1654 violentiam
446 1589 487 1652 a'd
500 1586 601 1650 vicina
615 1588 702 1651 urbi:
727 1589 758 1651 in
773 1611 837 1673 qna
850 1610 941 1650 omne
954 1584 1130 1649 mortalium
1144 1604 1241 1667 genus
1255 1581 1303 1643 vis

254 1672 436 1759 pestilentiae
444 1672 524 1757 depo
548 1671 702 1749 ulabatur,
714 1671 800 1734 nulla
810 1670 879 1734 coeli
888 1668 1075 1754 intemperie,
1084 1690 1154 1754 quae
1163 1687 1305 1729 occurre·

254 1772 304 1820 ret
318 1756 425 1820 oculis.
470 1758 491 1818 S
548 1755 659 1818 domus
677 1754 857 1841 corporibus
876 1753 1034 1830 exanimis,
1056 1752 1165 1814 itinera
1184 1748 1303 1812 funeri·

256 1840 327 1917 bus,
352 1840 606 1924 complebantur:
629 1860 691 1901 non
715 1862 818 1914 sexus,
838 1860 901 1901 non
927 1852 1001 1900 aetas
1023 1834 1160 1921 periculo
1185 1855 1301 1895 vacua:

258 1924 383 1987 servitia
396 1922 524 2009 perinde
535 1934 566 1984 et
580 1920 715 2007 ingenua
729 1922 835 2007 plebes
845 1922 957 2008 raptim
967 1920 1132 2004 exstingui,
1145 1918 1305 1979 intercon-

255 2072 310 2121 nino
326 2080 424 2135 mactat.
457 2071 518 2119 Mox
534 2069 563 2117 de
580 2071 651 2132 Furio
663 2072 728 2133 Ruso
742 2086 763 2118 v.
794 2071 901 2133 quidest
918 2078 1004 2130 tacere,
1016 2069 1090 2128 silere,
1107 2082 1163 2125 non,
1182 2065 1203 2113 ei
1220 2078 1305 2111 nomen

257 2135 296 2193 15,
305 2136 396 2194 66‚6u
795 2134 901 2183 adimere.
955 2133 1074 2179 Broterius
1105 2144 1205 2178 mensem
1234 2127 1306 2174 deleri

286 2201 355 2245 Inter
364 2201 463 2245 rimarer
477 2198 635 2262 Tauricos]
652 2197 701 2257 Qui
713 2213 765 2260 spe·
794 2197 1028 2256 vu1t3nescioquo
1065 2195 1137 2241 nna.
1173 2194 1305 2239 Tramari-

255 2269 326 2309 classe
341 2261 446 2309 videntur
461 2274 508 2308 non
524 2262 632 2321 abjuncto
648 2276 663 2309 a
678 2261 765 2308 Tribu-
796 2267 844 2307 tere
865 2260 960 2308 omnino
981 2267 1016 2307 est
1036 2257 1157 2321 preterire,
1182 2254 1305 2316 negligere,

256 2324 447 2381 nisloouutiad
464 2322 573 2385 obsequia
587 2339 696 2387 apparere
711 2339 766 2386 pos·
796 2324 873 2385 sicque
883 2324 992 2379 oblivioni
1002 2322 1096 2369 undere.
1131 2320 1168 2367 cf.
1178 2318 1202 2377 4,
1213 2320 1253 2375 21,
1264 2320 1307 2363 55.

256 2394 314 2433 sent.
347 2386 400 2439 Hoc
411 2394 488 2433 antem
504 2386 564 2433 inter
579 2387 688 2448 praemia3
710 2387 765 2449 qnia
798 2388 836 2442 lb,
848 2385 888 2431 31.

257 2448 555 2500 Tribunoshonestissimo
575 2449 626 2498 loco
645 2459 764 2514 spectasse,
830 2451 936 2498 Cornelio
956 2450 1044 2512 Orfito}
1061 2448 1086 2496 Is
1104 2444 1193 2495 Consul
1210 2460 1233 2492 a.
1250 2445 1309 2492 804.

256 2513 293 2559 vel
307 2513 362 2559 hinc
372 2513 473 2574 colligas,
484 2511 547 2575 quod
558 2513 643 2560 Gaessri
652 2514 718 2561 Julio
729 2513 765 2560 in-
796 2513 829 2562 V.
845 2515 882 2572 12,
894 2515 933 2560 41.

256 2576 397 2624 terhonores
412 2575 543 2623 decimum:
563 2582 590 2623 ut
605 2591 694 2638 semper
710 2579 766 2622 sella
798 2592 801 2597 ·
829 2577 886 2622 Duo
894 2580 949 2638 jum
969 2574 1094 2637 Torquati]
1111 2573 1149 2621 cf.
1168 2573 1206 2632 13,
1223 2573 1263 2620 35.
1281 2585 1306 2618 et
1341 2610 1345 2618 .

256 2640 335 2685 curuli
350 2640 443 2696 rederet,
455 2645 547 2699 eccepto
559 2655 604 2699 per
616 2641 697 2689 ludos:
714 2646 766 2686 tum
800 2640 838 2697 16,
849 2642 872 2687 8.
962 2645 965 2650 '
1073 2645 1077 2651 '
1111 2648 1114 2653 '

255 2703 319 2748 erim
334 2705 403 2747 cessio
418 2703 440 2746 ei
456 2703 481 2746 lu
503 2703 639 2748 Tribunicio
653 2703 765 2761 subsellio,
828 2704 967 2764 Infaustam
977 2717 1057 2749 romeu
1072 2699 1305 2762 Juriumseeirrent]

256 2767 373 2823 intereos,
386 2766 425 2825 qui
442 2778 528 2824 quoque
544 2779 604 2811 arro
620 2767 720 2812 Tribuni
731 2780 765 2811 er-
798 2765 937 2820 ‚amonuit
948 2766 984 2821 sie
1000 2764 1102 2826 Lipsius,
1119 2772 1143 2810 et
1158 2763 1233 2809 firmat
1250 2761 1305 2808 Flo-

256 2835 315 2883 seut,
333 2828 502 2874 concedebatur.
535 2826 583 2874 Dio
599 2828 639 2886 44,
653 2830 676 2874 4.
694 2828 767 2874 Item-
797 2834 855 2875 rent.
866 2828 908 2891 qui
923 2828 1000 2885 babet,
1016 2842 1097 2874 nornen
1108 2829 1226 2888 junctum.
1268 2824 1307 2870 At

255 2905 302 2952 que
323 2899 402 2951 postea
420 2890 543 2952 Augusto..
559 2897 586 2937 ut
606 2892 632 2936 in
654 2892 767 2936 mirelllir
797 2891 833 2938 ed.
849 2907 884 2952 pr.
900 2891 968 2938 ceteri
983 2890 1037 2937 libri
1055 2891 1129 2937 «lunii
1146 2898 1212 2943 tum,-
1235 2888 1306 2933 male.

260 2954 419 3001 Tribuucrum
440 2955 512 3013 plebis
530 2955 622 3002 maeret.
656 2953 703 3000 Dio
724 2955 766 3011 49,
797 2954 1062 3001 FortefuitJuriorum.
1084 2953 1154 2999 Enna
1172 2951 1308 3012 Bubquo·

257 3015 295 3062 15.
329 3017 403 3064 ers.
432 3015 471 3064 De
481 3015 604 3064 viamribus
614 3015 689 3074 multa
699 3016 766 3064 Mar·
795 3020 963 3083 quejunctum.

256 3079 541 3132 sensumsensurn
573 3079 646 3127 Eun.
829 3081 871 3126 Aa
881 3083 958 3126 uicino
969 3080 1034 3145 urit]
1045 3081 1084 3128 Sic
1094 3079 1168 3127 MSS.
1176 3079 1236 3140 Reg.
1246 3078 1309 3139 Agr.

290 3143 440 3202 Neroneum]
459 3139 496 3189 cf.
513 3145 548 3198 15,
561 3143 600 3197 74.
797 3141 833 3190 etl.
851 3159 886 3204 pr.
903 3144 954 3204 ,At
967 3153 1086 3206 sequentes
1096 3145 1127 3188 oei
1139 3146 1224 3188 mersio
1233 3143 1309 3197 artie,

288 3206 380 3252 durrus
400 3207 548 3268 Germanici]
572 3205 692 3254 Obhaerco.
725 3207 767 3254 Se-
797 3214 825 3252 ut
840 3206 911 3255 MSS.
929 3207 992 3254 Flor.
1013 3206 1092 3253 Guelf.
1124 3204 1154 3250 In
1169 3204 1224 3252 MS.
1241 3204 1307 3250 Bud.

256 3267 302 3317 ries
323 3267 418 3330 quidem
444 3267 559 3315 mensium
586 3268 619 3319 ita
644 3271 765 3330 postulate
799 3269 875 3315 Onon.
891 3273 975 3316 munio
991 3273 1069 3316 vicino
1086 3271 1156 3324 urbi,
1189 3266 1215 3313 J.
1232 3269 1305 3314 Gron.

257 3331 305 3388 aed,
319 3331 340 3376 si
349 3332 439 3378 Junlus
454 3331 478 3376 in
495 3331 539 3379 hoc
548 3341 652 3385 numero,
669 3339 767 3394 quomo-
797 3333 880 3394 probat
893 3335 977 3380 nmio
988 3335 1071 3387 urbia,
1088 3340 1110 3378 et
1125 3330 1233 3392 intelligit
1247 3329 1307 3377 ades

258 3392 289 3439 do
299 3393 391 3440 additur
405 3395 509 3441 durium
523 3396 695 3454 transmissum,
712 3396 768 3457 quia
798 3394 869 3442 urbis.
912 3396 1021 3443 Ceterum
1048 3403 1112 3457 patet
1136 3394 1221 3440 falsum
1248 3407 1305 3450 essa,

258 3455 371 3504 infaustus
388 3459 473 3508 esset?
494 3457 576 3519 Itaque
597 3457 651 3504 olim
671 3472 766 3519 repone-
798 3457 861 3520 quod
877 3458 916 3505 ille
928 3458 969 3516 sit,
983 3460 1062 3504 υἰσίπα
1080 3459 1134 3504 urbi
1145 3471 1194 3503 esse
1210 3472 1225 3503 a
1241 3455 1307 3502 Rhe-

258 3519 323 3576 bam,
344 3520 429 3567 Julius.
442 3521 597 3574 ¹Germanici.
647 3519 693 3566 Sed
713 3521 767 3567 iibri
798 3534 867 3578 nano,
879 3521 920 3583 qui
932 3521 956 3566 in
968 3522 1004 3568 cd.
1043 3528 1088 3568 .et
1104 3535 1148 3567 ser.
1165 3519 1234 3566 habet
1250 3533 1307 3564 ηια-

253 3579 316 3627 'mibi
331 3590 488 3644 opponuntur,
503 3583 606 3645 itemque
620 3583 687 3640 ratio,
704 3583 767 3644 quod
798 3585 961 3642 niourbiqut
974 3584 1009 3630 Α]
1024 3583 1199 3646 us‚(lrypbiua.
1229 3582 1307 3628 Revo-

258 3643 319 3690 iacta
340 3643 425 3704 injuria
443 3645 475 3692 D.
492 3645 560 3692 Julio
578 3645 676 3704 viduor,
696 3645 715 3692 si
732 3645 768 3692 illi
798 3647 858 3692 osrit
872 3647 936 3708 laips.
969 3647 1041 3694 Eme.
1073 3652 1120 3693 Ast
1135 3645 1212 3691 Rhen.
1228 3645 1307 3706 legen·

256 3706 342 3762 mensis
357 3723 414 3754 suus
429 3707 557 3770 ademptus.
591 3707 657 3766 Quid
670 3707 766 3755 dicam?
798 3708 855 3755 dum
866 3710 946 3756 suadet
957 3712 1034 3756 uicino
1042 3711 1106 3766 urbi,
1116 3716 1143 3755 ut
1154 3707 1188 3754 Η.
1200 3709 1223 3761 4,
1235 3709 1274 3756 46.

257 3771 327 3820 verba
347 3778 423 3818 tamen
446 3771 564 3832 affluentia
578 3771 609 3817 ‹le
629 3769 707 3828 Junio
724 3773 766 3819 ab·
835 3773 877 3819 Vir
882 3773 1033 3835 penileutloe]
1048 3772 1089 3819 De'
1096 3771 1140 3818 hoe
1148 3773 1230 3819 morbo
1239 3773 1307 3820 Suet.

256 3841 340 3885 nnunt.
353 3833 396 3879 atsi
410 3831 449 3884 alii
465 3841 576 3888 conantur
590 3848 633 3894 pro
642 3837 768 3881 transmis-
797 3835 836 3883 39,
1210 3866 1212 3869 .

256 3895 668 3943 mmreacriberetroruromlrmtum.
690 3896 769 3945 ers.
830 3899 1079 3959 Perindeetingeuua
1089 3898 1178 3961 plebes]
1211 3897 1309 3945 Dadiet

258 3959 284 4006 Si
294 3960 466 4006 transmissum
481 3973 535 4006 eum
557 3957 711 4006 iboinshemio
726 3975 766 4006 en-
798 3976 828 4007 ex
842 3961 878 4008 ed.
894 3977 929 4024 pr.
942 3977 985 4024 pro
1007 3962 1102 4024 vulgato
1123 3977 1159 4014 ac,
1174 3960 1237 4023 quod
1256 3973 1317 4020 non,

255 4021 327 4086 plioes
342 4020 454 4068 omissum
470 4037 483 4068 e
499 4020 575 4068 Fastis
589 4021 690 4079 nomine,
706 4022 765 4069 obli·
798 4024 855 4070 solet
872 4032 926 4072 ante
946 4025 1047 4073 vocalem
1068 4025 1122 4082 dici,
1143 4031 1167 4070 et
1184 4026 1206 4070 in
1226 4032 1308 4070 nostro

254 4093 355 4135 seratum
372 4085 421 4144 ejus
436 4084 524 4132 mensis
538 4098 631 4141 nomen,
650 4084 675 4130 in
696 4083 765 4132 dode-
814 4101 969 4150 uoquerupru
983 4087 1104 4149 aliquoties
1119 4101 1132 4133 e
1145 4087 1210 4133 libris
1226 4100 1308 4133 anen-

256 4146 399 4200 eusfamiliae
415 4145 503 4206 Junioe,
515 4146 574 4193 nihil
589 4155 657 4194 restet
666 4147 764 4194 difficul-
827 4156 886 4196 tum.
924 4151 980 4198 MS.
996 4151 1076 4197 uuus.
1093 4147 1127 4211 (et
1145 4149 1218 4208 Bud.)
1235 4149 1309 4210 plane

255 4210 323 4267 tutin
345 4207 416 4272 idque
433 4210 508 4272 placet
524 4208 622 4271 Ryckio.
662 4209 708 4258 Sed
725 4223 764 4257 ve-
796 4220 856 4258 caret
871 4213 961 4275 mprrla
992 4211 1228 4260 Sedfaciliusetbic
1242 4211 1310 4257 exci-

142 4313 147 4324 ,
252 4285 312 4331 reor,
329 4281 356 4318 ut
372 4274 531 4320 transmittere
546 4285 646 4318 mensem
660 4274 764 4320 durium
795 4273 999 4339 richau-,quamue
1031 4274 1095 4322 Hist.
1111 4279 1135 4333 4,
1151 4276 1192 4322 43.
1204 4275 1312 4336 perinde

248 4333 297 4384 boe
311 4334 429 4398 significet.
462 4334 527 4383 Nam
544 4337 702 4383 tramittere
717 4335 764 4384 ull.
795 4338 1137 4400 dirueeloqoemuelcrus.
1155 4337 1238 4386 Eum·
