3042 4950
229 228 289 289 ssu
646 228 875 298 insanust
1113 236 1288 312 [nasis.
1358 284 1364 297 .

230 386 378 477 cupidine
399 387 584 475 adigebatur
606 391 691 459 Nero
712 393 905 479 promiscuas
924 408 1031 459 menas
1049 394 1292 482 frequentandis

208 548 211 559 .
232 494 305 538 usin
330 474 435 538 adhuc
455 497 511 563 per
531 474 673 554 domum,
695 490 750 541 aut
771 478 890 557 hortos,
903 480 1073 558 cecinerat,
1091 481 1292 567 juvenalibus

230 554 326 637 ludis,
341 582 431 647 quos,
445 573 482 624 ut
495 582 606 647 parum
621 561 755 627 celebres
766 576 799 627 et
808 575 904 628 tantoe
912 565 980 628 voci
994 582 1154 650 angustas,
1170 588 1293 653 sperne-

231 643 297 708 bat.
341 646 415 710 Non
442 659 545 710 tamen
572 648 679 711 lionne
701 646 760 711 iuni
863 669 970 725 susus,
998 650 1174 737 Neapolim,
1203 652 1293 738 quasi

165 784 167 792 .
233 730 379 795 Graecam
395 731 516 809 urbem,
531 730 665 816 delegit:
683 738 705 770 “
718 668 929 799 mciiiiiritium
944 735 1022 810 sore,
1035 750 1071 799 ut
1085 750 1170 800 trans
1225 757 1293 801 ssus

230 814 263 878 in
278 814 444 894 Achaiam,
459 815 516 895 insi
535 900 541 913 ι
562 839 656 913 esque
667 828 699 880 et
711 818 887 904 antiquitus
898 842 998 883 sacras
1012 843 1139 885 coronas
1149 759 1289 909 additus,

230 901 348 986 majore
362 900 447 965 fama
461 913 511 963 stu
534 924 563 964 ra
578 900 859 967 civrum'elic'eret.”
895 900 984 989 Ergo
997 907 1292 1004 contractum-appi·
1354 962 1357 967 .

230 984 385 1051 danorum
407 984 533 1072 vulgus,
556 999 587 1049 et
608 1008 687 1073 quas
709 1010 726 1057 e
747 988 898 1076 proximis
919 988 1044 1053 coloniis
1063 1005 1094 1055 et
1116 1014 1290 1078 municipus

229 1070 299 1157 ejus
317 1071 362 1133 rei
385 1071 471 1134 fama
493 1070 627 1145 civerat3
655 1072 774 1159 quique
796 1076 950 1139 Caesarem
974 1097 1031 1161 per
1054 1077 1214 1151 honorem,
1235 1088 1293 1140 aut

169 1192 171 1199 ι
229 1156 332 1219 varios
347 1178 422 1220 usus
434 1153 600 1235 sectantur,
611 1158 704 1221 etiam
715 1158 850 1223 militum
862 1158 1024 1246 manipuli,
1038 1161 1194 1225 theatrum
1209 1164 1292 1225 Nea-

231 1240 442 1327 politanorum
457 1241 622 1327 complent.
1220 1296 1226 1303 .

275 1326 443 1393 XXXIV.
473 1326 552 1403 Illic,
571 1326 711 1413 plerique
729 1340 767 1391 ut
785 1327 1027 1407 arbitrabantur,
1047 1331 1145 1409 triste,
1162 1345 1197 1394 ut
1215 1332 1292 1417 ipse,

232 1411 399 1499 providum
442 1412 525 1475 otius
542 1425 574 1474 et
592 1414 733 1477 secundia
748 1412 950 1491 Numinibus,
964 1415 1083 1479 evenit:
1106 1438 1179 1479 nam
1248 1440 1295 1480 es-

230 1520 275 1577 so,
294 1499 349 1584 qui
369 1436 525 1575 ediderat,
545 1497 673 1583 populo,
694 1517 828 1561 vacuum
848 1514 880 1563 et
901 1499 965 1563 sine
982 1498 1076 1563 ullius
1094 1439 1294 1579 unnedica-

232 1596 317 1647 trum
341 1583 521 1669 conlapsum
545 1592 601 1647 est.
648 1584 742 1668 Ergo,
767 1606 824 1670 per
846 1586 1031 1670 compositos
1052 1600 1172 1663 cantus,
1194 1600 1298 1673 grates

232 1668 302 1731 Diis
321 1678 418 1754 atque
438 1669 537 1753 ipsam
556 1668 686 1733 recentis
705 1692 796 1731 casus
813 1670 971 1734 fortunam
989 1670 1156 1747 celebrans,
1177 1672 1294 1757 petitu-

231 1774 358 1839 rusque,
372 1754 465 1817 maris
485 1752 615 1816 Hadriae
636 1754 796 1838 trajectuS,
820 1755 906 1841 apud
930 1757 1145 1819 Beneventum
1169 1756 1294 1822 interim

231 1839 380 1917 consedit,
397 1836 451 1901 ubi
465 1838 683 1923 gladiatorium
699 1861 815 1903 munus
829 1864 848 1903 a
859 1840 983 1904 Vatinio
997 1840 1116 1904 celebre
1131 1840 1292 1905 edebatur.

156 1953 162 1973 ι
232 1924 376 1988 Vatinius
391 1923 478 1986 inter
495 1922 666 1987 foedissima
683 1925 752 2009 ejus
769 1924 851 1989 aulae
868 1940 990 1989 ostenta
1010 1925 1082 2003 fuit,
1102 1926 1231 1989 sutrinae
1250 1941 1297 1989 ta·

229 2008 334 2072 bernae
349 2008 503 2085 alumnus,
515 2030 643 2095 corpore
657 2008 792 2088 detorto,
804 2009 922 2074 facetiis
932 2010 1111 2075 scurrilibus
1117 2037 1129 2109 3
1146 2010 1246 2097 ptimo
1260 2011 1295 2075 in
1324 2042 1330 2053 ·

231 2094 432 2159 contumelias
450 2094 613 2177 adsumtos
624 2120 640 2179 3,
658 2094 771 2159 deinde
785 2096 895 2181 optimi
909 2096 1065 2182 cujusque
1083 2096 1296 2161 criminatione

229 2202 267 2243 eo
286 2202 386 2277 usque
403 2179 512 2259 valuit,
528 2192 565 2243 ut
585 2179 697 2263 gratia,
723 2181 865 2265 pecunia,
881 2180 912 2242 vi
933 2182 1061 2245 nocendi
1083 2182 1175 2245 etiam
1195 2182 1294 2247 malos

231 2278 437 2351 praemineret.
622 2292 628 2305 ·
744 2301 748 2321 ι
1141 2344 1148 2350 ⁴
1283 2297 1286 2303 ¹

273 2350 422 2416 XXXV.
451 2348 529 2435 Ejus
546 2372 662 2413 munus
679 2350 891 2436 frequentanti
905 2351 1038 2427 Neroni,
1053 2373 1092 2415 ne
1111 2352 1190 2415 inter
1204 2350 1294 2413 rolu-

231 2448 332 2523 ptates
354 2432 483 2522 quidem
505 2458 525 2500 a
544 2434 709 2500 sceleribus
728 2437 915 2500 cessabatur.
961 2436 1079 2531 Iisdem
1096 2436 1214 2524 quippe
1233 2435 1296 2500 illis

231 2521 343 2587 diebus
358 2523 542 2608 Torquatus
563 2521 686 2584 Silanus
707 2523 787 2586 mori
805 2522 954 2610 adigitur,
970 2522 1054 2608 quia,
1072 2545 1166 2610 super
1186 2522 1295 2584 Junioe

265 2665 383 2726 Cupidine
393 2661 543 2724 adigebatur]
561 2659 656 2724 Lipshn
667 2661 708 2708 ubi
718 2661 742 2708 b.
778 2661 831 2719 at.)
864 2662 916 2724 Ego
934 2662 1070 2710 sententiam
1084 2671 1149 2725 puto,
1167 2677 1221 2708 cum
1235 2677 1295 2724 qua.

229 2731 248 2778 l.
260 2731 315 2778 citat
325 2727 354 2775 ad
368 2727 406 2785 14,
420 2725 458 2773 15.
470 2724 526 2788 legit
538 2725 681 2786 agitabatur.
707 2725 745 2772 An
780 2733 832 2773 tuor
848 2741 915 2773 nasas
932 2727 1043 2788 oblongos
1060 2726 1153 2774 haberet
1169 2726 1209 2773 ille
1227 2726 1297 2772 Vati-

202 2815 204 2819 ·
234 2791 390 2856 esingenioi
780 2789 863 2837 nianus
874 2791 951 2845 calin
968 2799 1046 2839 tamnu
1057 2791 1182 2852 longiorem
1191 2790 1297 2837 iishriase

264 2859 317 2906 Aut
327 2855 418 2919 tama]
437 2853 499 2901 Bud.
514 2869 528 2901 a
545 2854 565 2900 l.
581 2851 748 2902 methurtos.
781 2852 870 2901 Vatinii
884 2869 975 2902 nanum.
1009 2855 1127 2916 Notatqne
1139 2854 1221 2901 callide
1231 2869 1294 2906 arm,

232 2921 270 2971 De
274 2921 427 2985 juvenalibus
438 2920 500 2966 ludis
511 2934 532 2966 v.
549 2919 640 2973 14,15.
781 2926 808 2965 ut
824 2933 899 2965 acrem
917 2927 941 2966 et
957 2933 1061 2982 sagacem
1079 2918 1238 2981 inquisitorem
1251 2919 1296 2964 ari-

265 2989 325 3034 Noa
345 2991 423 3032 tumea
445 2985 527 3031 Itoana
545 2984 647 3044 iricipera
664 2984 747 3046 numa]
781 2982 971 3046 minatoremque
1007 2982 1115 3030 Itaenim
1124 2982 1176 3029 fuit.
1212 2982 1297 3044 Xiphi-

231 3051 270 3100 Sic
285 3050 376 3113 primus
391 3047 464 3095 edidit
480 3047 583 3096 Picbena
595 3061 608 3094 e
621 3047 750 3094 recmtiori·
781 3045 843 3092 linus
865 3061 928 3106 eum,
956 3047 989 3094 ait
1006 3048 1048 3105 aa,
1071 3047 1107 3093 15.
1129 3046 1187 3093 adeo
1205 3045 1295 3093 hostem

230 3118 282 3176 bus,
297 3113 372 3161 deleto
385 3128 472 3169 acerem,
488 3125 502 3158 e
517 3109 605 3171 judicio
620 3109 696 3174 Lipsii
712 3109 748 3173 (in
781 3109 931 3173 optimatibus
938 3109 1048 3170 fuissent
1054 3109 1298 3175 semperinorehabe-

230 3193 303 3242 marg.
324 3178 360 3226 ad,
379 3179 402 3224 2.
421 3174 487 3241 sqq.)
505 3185 528 3224 et
546 3173 600 3222 MS.
617 3173 679 3222 Flor.
711 3175 748 3222 At
781 3183 824 3233 ret,
840 3181 903 3233 μισῶ
915 3192 948 3229 as,
963 3179 1054 3240 Καῖσαρ,
1062 3174 1098 3220 ὅτι
1110 3175 1258 3232 συγκλητικὸς
1269 3171 1296 3221 sl.

230 3241 263 3292 iic
274 3241 364 3290 dudum
380 3239 415 3290 ed.
428 3257 464 3306 pr.
491 3239 603 3288 Similiter
619 3242 693 3286 staats
707 3238 749 3286 de·
781 3237 820 3287 De
838 3238 987 3302 populoipso
1006 3237 1126 3288 Juvmalis
1145 3239 1169 3292 ὅ,
1182 3239 1221 3286 tt.
1257 3237 1297 3286 lis
1390 3245 1395 3252 '

230 3309 314 3367 letum,
336 3305 400 3371 quod
463 3313 652 3364 ttraasgrassus
670 3313 704 3350 est
723 3303 748 3350 in
781 3303 941 3351 Beneuentani
962 3305 1049 3350 sutoris
1070 3317 1153 3350 auram
1178 3303 1296 3350 inunum

231 3372 286 3422 MS.
306 3369 413 3430 Guelfit
441 3367 492 3432 ud.)
511 3369 547 3416 ed.
566 3367 642 3414 Rhen.
659 3383 709 3430 sqq.
725 3377 749 3414 at
782 3369 886 3414 Sicrahis
913 3369 1008 3414 cutem
1037 3381 1148 3415 sermm
1177 3373 1295 3428 quattuor.

230 3451 277 3484 non
294 3435 319 3482 in
337 3434 388 3484 edd.
405 3443 459 3482 ante
476 3433 553 3480 Rhen.
570 3431 670 3494 lapset
684 3447 748 3494 seqq.
782 3431 858 3480 L1rs.
890 3433 922 3478 Iu
941 3433 1092 3479 contumelias
1111 3433 1250 3487 adsumam
1270 3439 1298 3476 ut

231 3499 316 3548 Paullo
328 3509 379 3562 post
390 3513 431 3562 pro
443 3501 531 3546 cinnat
544 3497 619 3544 Rhen.
638 3499 662 3556 (c
673 3495 749 3548 Bud.)
781 3505 839 3544 esset
856 3495 916 3542 inter
932 3511 1033 3559 capreas,
1051 3504 1078 3543 ut
1092 3495 1216 3543 Suetonius
1232 3503 1299 3542 voest

231 3565 290 3613 Ald.
313 3563 404 3627 Gryph.
429 3563 552 3609 acciverat.
588 3559 660 3607 ΕΜ.
693 3557 748 3606 Scil.
780 3559 833 3606 'lib
848 3560 889 3608 61.
902 3555 1058 3623 rideretdrque
1073 3559 1103 3607 ab
1116 3559 1203 3607 sulicit-
1237 3557 1298 3606 Mn-

231 3629 296 3693 pn'us
317 3637 345 3676 ut
367 3629 391 3675 in
412 3625 476 3674 Bud.
498 3625 617 3688 legebatur
637 3641 660 3670 u.
680 3629 696 3672 t.
717 3623 749 3670 R.
781 3632 843 3671 retus
854 3623 955 3672 malebat
966 3625 1028 3671 inter
1039 3630 1097 3671 caat
1109 3622 1142 3672 ita
1152 3624 1298 3670 cantuarelioe

233 3697 278 3741 inc.
297 3706 377 3740 acerras
394 3707 480 3738 ausus:
501 3698 523 3736 et
537 3693 747 3749 moxuttrausgr.
781 3703 824 3752 pro
843 3690 938 3751 capreis,
956 3687 1018 3751 quod
1035 3686 1120 3734 durum
1139 3695 1202 3749 puto.
1234 3685 1298 3735 Max

233 3761 314 3806 scenis.
799 3767 825 3799 ro
846 3754 921 3800 valuit
942 3751 1063 3800 Acidaliae
1081 3751 1182 3799 malebat
1202 3752 1297 3799 roduin

265 3817 463 3880 Arbitrabantur]
476 3817 541 3866 Bud.
551 3819 709 3865 arbitrantur.
741 3847 742 3854 κ
808 3815 875 3863 einde
885 3818 958 3864 arulas
968 3831 981 3864 e
990 3815 1018 3863 M
1022 3815 1047 3863 S.
1058 3815 1095 3864 Fi.
1103 3817 1165 3864 tane
1177 3814 1296 3872 Piahenst

266 3887 443 3936 Gladiatorium
464 3898 551 3930 inuam
590 3881 628 3928 Sic
649 3881 714 3928 Pich.
737 3896 750 3927 e
782 3893 837 3928 nam
848 3880 899 3928 hac
909 3880 1046 3928 aomtructio
1059 3879 1202 3928 cameliano.
1221 3878 1299 3928 Rhea.

231 3951 295 4002 Flor.
330 3950 378 3998 Ast
394 3883 570 3996 RheneBud.
586 3945 749 4007 gladiatorum
784 3943 893 4008 (eBud.)
912 3959 966 3992 cnm
983 3943 1153 4008 seqq-dederat
1168 3944 1252 4001 multu
1271 3953 1299 3990 nt

231 4031 256 4063 m
783 4007 1022 4072 eatined.pr.(ete
1087 4006 1300 4068 .)Ceteraante
1367 4058 1373 4062 ,

257 4052 381 4130 ‘Vastauna
398 4075 674 4148 ὶηίσνίωᾶἰεεὸωαρρμε
689 4073 750 4120 aula
783 4072 861 4120 Rhea.
877 4075 948 4121 etum
967 4073 1029 4118 aliis.
1092 4073 1116 4120 S.
1133 4070 1213 4146 Gueif.
1231 4079 1254 4118 et
1270 4073 1298 4117 in

232 4146 334 4256 ratri
354 4135 750 4257 attentabunt:
782 4133 1300 4266 insurratmtmtt

233 4242 345 4319 sumenti
361 4271 443 4322 Vatini
454 4270 551 4332 Accipe,
567 4267 606 4313 red
615 4279 690 4313 ‘ansus
701 4266 750 4311 lan·
783 4267 890 4337 minaret.
933 4263 979 4313 Sed
1006 4264 1039 4312 nii
1066 4263 1214 4312 manutium.
1260 4263 1299 4311 lbi

194 4369 199 4378 .
231 4337 289 4397 glor
307 4337 344 4382 tur
358 4335 431 4398 fuit3
449 4333 516 4394 cujus
531 4329 702 4394 epigrammatis
712 4343 750 4376 sr-
784 4327 856 4393 Apul.
868 4343 961 4392 quoque
971 4327 1042 4378 iubet
1050 4331 1222 4391 marriacum.
1292 4362 1295 4365 κ

233 4396 453 4460 gudamnaocepit
467 4397 598 4446 Turnebus
631 4393 706 4458 (Adi.
723 4400 750 4452 9,
821 4393 890 4454 Tarq.
911 4394 965 4457 stt]
984 4392 1072 4442 Consul
1093 4408 1115 4442 s.
1135 4392 1191 4442 806.
1208 4393 1239 4441 V.
1259 4391 1298 4451 ta,

1328 4531 1334 4561 l
