3042 4950
227 236 397 315 aeto]
540 238 614 296 nro.
636 235 715 295 mv.
744 232 831 294 cnr.
855 238 899 303 ta,
919 240 962 296 14.
1208 232 1293 293 rot

231 400 314 486 rium
327 411 362 464 ot
377 398 490 483 etalem
510 397 744 461 continuaverit.
790 396 947 473 Cetemrn,
966 412 1032 481 quo
1051 408 1194 480 gramnat
1214 389 1294 459 inri-

232 480 317 551 ditml
330 482 446 560 aetna,
460 500 559 567 euque
572 482 708 563 demota,
728 493 851 545 auctam
871 480 1028 543 lenitatem
1049 500 1136 544 auam
1150 480 1294 546 unifica-

232 583 329 647 remr,
345 568 480 651 feminae
494 566 649 645 inlustres,
670 566 801 631 duniarn
819 577 851 630 et
869 564 1082 650 Calpurniam,
1101 564 1296 633 Praefectum

232 657 356 726 innotos
377 652 536 717 Varenum
557 653 741 738 Capitonem
759 661 791 717 et
806 650 964 731 Licinium
980 648 1149 728 Gabolum,
1170 650 1297 714 sedibus

238 734 244 753 ’
273 741 343 804 trlia
364 734 512 819 reddidit,
535 738 576 802 ab
601 738 780 836 Agrippina
800 736 874 802 olim
894 734 1009 823 pulaoa.
1053 734 1161 799 Etiam
1183 732 1296 799 Lolllae

262 818 393 909 anllinae'
408 824 527 890 eineres
547 836 708 911 reportari,
732 823 972 911 sepulcrumque
996 820 1115 885 exstrui
1137 819 1296 905 permisit:

235 932 378 999 quosque
392 911 458 997 ipse
471 927 573 996 nuper
586 908 648 973 rele
709 924 785 987 erat,
801 905 937 973 Iturium
955 918 987 971 et
1001 904 1182 984 Calvisium,
1203 924 1299 992 poena

235 996 375 1061 exsolvit.
419 996 507 1060 Nam
522 994 627 1059 Silana
654 1007 706 1058 ato
719 993 828 1057 functa
846 1006 923 1070 erat,
942 990 1113 1079 longinquo
1134 990 1174 1054 ab
1188 989 1299 1055 exsilio

236 1082 414 1152 Tarentum
427 1102 577 1165 regressa,
593 1078 720 1146 labante
736 1080 805 1165 jam
820 1077 1008 1168 Agrippina,
1027 1076 1120 1164 cujus
1133 1074 1302 1141 inimicitiis

237 1167 423 1245 conciderat,
437 1165 487 1228 vel
501 1178 571 1227 tum
583 1163 734 1249 mitigata.
919 1230 922 1233 ,
1227 1196 1232 1204 -

282 1253 383 1316 ΧΙΠ.
405 1246 577 1313 Cunctanti
596 1247 630 1310 in
651 1244 775 1337 oppidis
790 1244 980 1332 Campaniae,
1004 1250 1027 1283 “
1049 1264 1187 1331 quonam
1206 1244 1301 1311 modo

239 1332 597 1449 urbemingrederetur:
614 1356 655 1402 an
668 1332 854 1419 obsequium
871 1332 1014 1409 Satiatur,
1029 1352 1070 1395 an
1085 1327 1189 1393 studia
1202 1328 1303 1416 plebia

238 1421 398 1509 reperiret,
430 1418 533 1497 anxio,
545 1432 652 1483 eontra
665 1418 852 1483 deterrimus
861 1416 1006 1503 quisque,
1016 1434 1152 1501 quorum
1166 1436 1230 1479 non
1244 1414 1304 1479 alia

239 1502 497 1593 regiafeuundior
505 1504 633 1583 exstitit,
646 1510 672 1544 ⁴⁴
681 1503 817 1569 invisum
831 1501 1017 1590 Agrippinae
1025 1518 1148 1577 nomen,
1164 1512 1196 1565 et
1204 1512 1306 1568 morte

241 1592 308 1679 ejui
321 1614 483 1655 aecensum
494 1589 603 1678 populi
613 1590 782 1666 fauorem?
790 1587 958 1653 disserunt:
976 1594 998 1625 “
1008 1586 1068 1650 iret
1078 1584 1263 1671 intrepiduS,
1274 1599 1307 1650 et

240 1676 467 1741 uenerationem
479 1675 530 1738 aui
544 1696 646 1740 coram
660 1674 881 1761 experiretur.''
919 1670 1019 1737 Simul
1032 1676 1054 1709 “
1069 1670 1242 1761 praegredi”
1253 1692 1307 1735 ex·
1411 1752 1414 1757 ,

241 1774 391 1850 poscunt3
406 1774 438 1824 et
451 1760 654 1847 promptiora,
669 1779 765 1847 qnam
780 1755 994 1846 promiserant,
1006 1754 1182 1821 inveniunt:
1199 1755 1307 1823 obvias

241 1847 362 1921 tribus;
377 1846 457 1911 festo
469 1844 559 1910 cultu
574 1848 743 1920 Senatum
759 1844 930 1931 conjugum
944 1865 981 1909 ac
989 1838 1158 1907 liberorum
1172 1840 1309 1928 agmina,

242 1950 300 2021 per
323 1954 433 1996 nexum
450 1943 482 1995 et
506 1943 630 1995 aetatem
651 1929 818 2017 disposita3
846 1940 1030 2006 exstruetoS,
1054 1950 1118 2015 qua
1139 1926 1308 2007 incederet,

245 2017 490 2105 'spectaculorum
507 2016 636 2101 gradus,
658 2036 723 2102 quo
740 2012 835 2079 modo
857 2012 1008 2110 triumphi
1024 2010 1177 2076 visuntur.
1220 2012 1308 2081 Hine
1342 2038 1346 2047 ·

244 2103 410 2251 mitt
430 2125 469 2165 ⁸⁰
485 2100 604 2247 ..pa
614 2094 1310 2249 ¹“iial⁰wrtd1i¹‘⁰limmdiddidi

244 2207 787 2360 qualidduinlitidlematridlileederentia
796 2205 1002 2335 etiuiiavera'til

249 2424 257 2432 ,
288 2356 382 2423 XIV.
397 2356 502 2422 Vetus
514 2354 560 2419 illi
573 2378 650 2421 cura
661 2368 739 2435 erat,
749 2354 905 2423 curriculo
914 2350 1142 2443 quadrigarum
1155 2350 1308 2421 insistere:

337 2539 343 2554 ⁸
389 2541 415 2588 in
435 2539 473 2590 hit
497 2539 611 2606 portantia
632 2541 667 2589 nil
690 2541 764 2590 divini
796 2542 901 2590 animum
960 2539 1009 2588 uli:
1024 2539 1314 2614 auprao.7.porcitaum-

247 2549 385 2665 Ἠῶ
423 2604 764 2668 rttndereiitDeoapernioiem
796 2555 964 2654 ammaeelidd
990 2612 1013 2652 et
1029 2603 1092 2653 alibi.
1125 2601 1191 2652 Vett.
1210 2602 1262 2655 edd.
1279 2605 1315 2668 (et

247 2668 348 2719 Neronia
365 2668 473 2729 vouiaae,
492 2678 521 2719 ut
538 2670 567 2716 iia
588 2667 701 2717 creditum
720 2678 764 2726 eat,
797 2684 816 2717 c.
827 2667 902 2730 Bud.)
915 2684 995 2718 ornnes
1001 2667 1126 2732 progredi,
1135 2667 1315 2731 usqueadGro-

263 2741 473 2782 aaanoemortem
486 2733 691 2782 Claudiievenere.
725 2731 764 2780 Ir-
796 2733 899 2780 notium.
926 2733 1053 2794 Praegredi
1063 2740 1086 2779 et
1090 2731 1315 2794 progrediritoon·

247 2750 306 2846 ildet
315 2797 765 2910 igitplrdpotiurpprtenwteorumva·
797 2793 928 2846 funduntur
939 2814 980 2862 ap.
991 2796 1150 2859 mutato.
1161 2795 1212 2845 init.
1243 2795 1315 2848 atne

249 2862 346 2910 nitatem

252 2947 257 2954 ·
281 2924 396 2991 Junum]
407 2925 538 2986 Calvinum,
553 2923 584 2972 de
594 2940 641 2988 qua
653 2923 692 2985 12,
705 2927 729 2984 t,
742 2925 767 2974 8.
836 2927 907 2973 Vetus
919 2925 956 2972 titt
968 2927 1035 2988 eopia
1050 2923 1113 2988 erat]
1132 2921 1171 2972 Ita
1181 2921 1236 2973 libri
1246 2921 1317 2988 prieti

249 2991 290 3038 De
308 2989 443 3055 Calpurnia,
459 2990 491 3038 ib.
509 2989 549 3038 22.
582 2988 675 3048 Statim,
695 2989 766 3036 Prae.
801 2987 835 3054 (et
856 2988 940 3048 Bana.
979 2987 1161 3048 Substituemnt,
1184 3004 1258 3037 cata.-
1286 2987 1317 3038 ud

210 3074 213 3080 ·
250 3052 674 3117 tarofnnctor,lego.111ralieote.
691 3053 765 3103 Eure.
800 3051 1075 3104 tententiamnonmale.
1106 3051 1241 3113 Nesoioan,
1296 3055 1317 3100 i·

251 3117 404 3168 stertunt.
422 3120 571 3180 conjectabat,
587 3117 622 3164 nil
638 3123 716 3164 tamen
733 3125 768 3166 te-
800 3117 893 3178 do,aive
905 3119 995 3180 cupido.
1022 3118 1097 3165 Inus.
1127 3118 1193 3166 Cura
1203 3117 1257 3166 libri

250 3192 315 3230 mere
334 3181 475 3230 mutandum
494 3181 589 3245 judioat.
629 3179 668 3229 De
690 3179 767 3229 Iollin
800 3181 1129 3246 omnesaruteot.at1.ips.
1147 3181 1267 3246 quiaopiu
1281 3197 1317 3232 re-

252 3245 330 3294 Panll.
341 3245 422 3294 itidem
435 3247 473 3306 12,
482 3248 522 3293 22.
542 3244 581 3293 De
588 3242 668 3307 Silana
675 3245 715 3306 13,
728 3245 770 3295 19.·
800 3245 893 3312 poeuitt
911 3244 975 3309 quod
985 3245 1054 3294 estin
1065 3243 1138 3312 MSS.
1150 3255 1173 3294 et
1183 3246 1218 3294 ed.
1230 3262 1264 3312 pr.
1287 3245 1319 3314 ld

252 3319 276 3358 et
285 3310 325 3359 22.
801 3326 856 3374 ergo
872 3317 951 3358 tamen
961 3324 1051 3363 servare
1061 3309 1143 3370 malui,
1159 3311 1215 3376 quia
1225 3325 1319 3360 sensum

258 3385 262 3392 ’
285 3374 407 3437 Iturium]
419 3371 625 3424 Uraeoodrett.
636 3373 768 3423 Titurium.
801 3385 885 3437 aptum
897 3374 976 3434 habet,
994 3369 1060 3436 copia
1074 3375 1174 3422 nullum.
1208 3374 1320 3426 Nemae-
1344 3417 1352 3430 .

254 3437 293 3487 Sit
304 3447 327 3486 et
337 3438 398 3500 Agr.
802 3454 885 3506 quens,
896 3441 1026 3487 revomitur
1048 3439 1123 3486 oedwm
1134 3439 1248 3498 studium,
1260 3439 1320 3492 indi.

258 3515 262 3519 ·
286 3499 683 3567 Repetrretanaio111ibriquidam
693 3501 768 3567 (mor.
803 3501 1006 3562 cathinverbum
1063 3503 1152 3563 'denari
1169 3501 1232 3551 idem
1248 3502 1321 3568 signi,

253 3564 328 3628 Van.)
342 3568 472 3629 reperiret:
489 3565 552 3630 quod
566 3567 649 3616 merito
666 3565 770 3616 Piohena
803 3565 1083 3630 fiuanaquodttadinm.
1117 3565 1320 3630 eopumtaper.

253 3631 343 3692 probat.
375 3629 506 3679 Dubitabat
524 3631 610 3679 adlinet
627 3640 651 3679 et
669 3632 771 3694 angeba-
803 3630 913 3680 missione
923 3630 1004 3680 matris
1021 3640 1044 3679 et
1058 3639 1224 3694 preceptorum
1240 3631 1322 3700 accipit

253 3702 299 3749 tur,
311 3708 342 3742 au
353 3695 471 3744 'Senatum
487 3697 660 3759 omequentem,
677 3695 770 3759 plebem
804 3693 919 3759 Ryckiua,
952 3693 999 3744 uod
1014 3711 1063 3743 esse
1078 3693 1246 3744 alienissimum
1256 3695 1323 3748 facile

253 3758 371 3807 terentem
385 3756 501 3823 reperiret.
535 3759 611 3806 Ltus.
645 3759 684 3808 Sio
701 3758 771 3808 etiam
805 3761 875 3824 patet
909 3713 1010 3810 silibet
1026 3758 1162 3824 proferetur,
1177 3757 1202 3806 in
1219 3775 1266 3824 quo
1283 3775 1324 3810 ca.

256 3821 621 3884 duelf.ed.pr.etomneaante
638 3823 716 3872 Rhen.
730 3821 775 3888 qui¹
800 3825 868 3888 pido,
893 3823 971 3873 statim
994 3839 1053 3871 cura
1072 3821 1207 3872 dimittetur.
1226 3841 1250 3873 v.
1265 3827 1325 3876 Sue·

255 3887 317 3935 male
337 3901 350 3934 e
371 3886 427 3935 MS.
449 3885 521 3935 Butl.
535 3887 628 3935 induxit
646 3893 772 3950 repeteret·
805 3899 853 3938 ton.
870 3885 928 3938 Ner.
950 3905 971 3938 c.
991 3887 1030 3936 22.
1048 3887 1091 3936 ubi
1109 3887 1138 3936 de
1155 3886 1232 3936 studio
1251 3903 1322 3953 equo.

255 3947 344 3999 Melina
358 3953 500 4027 morregia
518 3951 582 3999 dedit
599 3952 712 4016 (eBud.)
730 3963 775 4014 pro
805 3970 858 4003 rum
879 3951 1004 4003 curulium.
1045 3951 1118 4028 liare.
1160 3951 1252 4034 Cupido
1269 3971 1323 4030 pro.

256 4015 772 4141 itippfflisisi.
805 4015 1008 4148 immitet
1022 4017 1327 4146 {dilituit

258 4151 373 4202 rectum
388 4143 503 4218 diriperat
521 4143 625 4192 Grotius.
667 4142 774 4193 Verbum
806 4145 960 4211 rudgaudum
986 4145 1118 4210 pertinent:
1148 4153 1214 4194 actus
1238 4145 1325 4198 intelli.

259 4214 383 4266 exposcunt
393 4208 487 4264 mutat,
499 4223 546 4255 non
556 4222 659 4272 rogasse,
670 4217 697 4257 ut
709 4209 774 4256 Nero
806 4221 866 4277 gunt
892 4229 907 4260 a
933 4212 1060 4274 majoribus
1087 4220 1186 4274 accepta.
1233 4209 1325 4264 Verum

220 4370 227 4385 .
631 4353 652 4385 o.
826 4357 886 4389 aer.
973 4355 1003 4390 er.
1072 4353 1326 4388 ..avum

408 2871 451 2909 eat.
508 2865 572 2910 nm·
799 2877 869 2925 supra
881 2861 920 2922 ll,
930 2862 969 2916 37.
1004 2860 1077 2910 Eure.
