3042 4950
243 262 270 299 r.
291 259 318 301 c.
333 240 426 321 ss.]·
578 243 654 302 mn.
675 242 746 303 xu.
769 193 977 346 cipricitin?
990 202 1057 317 '’22‘,
1124 214 1228 335 {2333
1257 251 1305 307 101

244 406 418 483 contractis
442 418 600 489 tamquam
618 389 1187 495 ,recuperaiurus'wkgrrjqiriririissssddtp
1200 408 1306 493 fresios

245 490 355 575 magis,
390 511 461 553 uam
476 488 578 553 hostes
615 486 762 567 raedatur,
773 490 916 553 abscessu
929 485 1068 568 suoruui,
1080 491 1308 557 'et‘ihchtsrinti-

243 573 303 637 bus
321 576 378 637 bar
435 571 470 649 s,
486 572 578 656 praesi
601 572 622 635 ri
643 595 747 658 egens,
766 574 809 638 ad
825 573 1065 638 Rhadamistum
1079 576 1178 639 venit:
1202 578 1305 641 doum

243 681 306 742 que
319 659 389 743 ejus
403 655 532 735 evictus,
552 657 636 721 ultro
650 664 671 695 “
686 658 809 745 regium
823 658 942 743 insigne
957 661 1099 732 sumere”
1113 661 1302 740 cohortatur,

243 743 439 828 sumentique
457 741 545 807 adest
566 754 674 806 auctor
693 756 725 807 et
744 742 873 807 satelles.
916 742 1014 816 Quod
1040 744 1094 807 ubi
1116 744 1202 829 turpi
1220 746 1313 813 fama

242 825 451 911 divulgatum,
480 848 520 891 ne
549 826 641 891 ceteri
667 850 797 914 quoque
824 852 864 892 ex
891 825 1023 913 Peligno
1047 829 1314 915 conjectarentur,¹

241 910 410 975 Helvidius
424 910 560 990 Priscus,
576 912 727 997 Legatus,
742 935 815 977 cum
836 912 955 999 legione
970 912 1114 991 mittitur,
1129 912 1222 985 rebus
1236 926 1302 976 tur-

241 994 323 1058 bidis
350 1018 409 1081 pro
434 1007 571 1082 tempore
595 1010 637 1060 'ut
659 996 841 1061 consuleret.
885 997 987 1083 Igitur
1010 1020 1141 1083 propere
1165 1010 1303 1071 montem

243 1080 388 1145 Taurum
403 1094 622 1167 transgressus,
637 1079 847 1145 moderatione
882 1081 962 1157 lura,
977 1104 1073 1166 quam
1087 1082 1128 1160 vi,
1141 1104 1308 1167 composn-⁴

241 1166 325 1240 erat3
350 1188 423 1230 cum
445 1165 581 1229 “redire
599 1165 633 1247 in
654 1164 802 1251 Syriam”
823 1166 863 1252 ju
902 1178 965 1247 tur,
989 1172 1012 1219 ⁵⁶
1026 1187 1066 1228 ne
1084 1166 1208 1231 initium
1228 1166 1302 1231 belli

243 1249 390 1314 adversus
407 1248 540 1314 Parthos
553 1248 741 1314 exsisteret?

220 1326 224 1335 ¹
283 1334 324 1397 L.
347 1336 431 1398 Nam
445 1332 625 1421 Vologeses,
639 1357 746 1400 casum
766 1334 951 1401 invadendae
969 1338 1131 1405 Armeniae.
1142 1339 1302 1417 obvenisse

241 1432 338 1497 ratus,
350 1441 457 1505 quam,
469 1441 488 1483 a
499 1420 669 1519 majoribus
679 1420 742 1485 suis
752 1444 932 1507 possessam,
944 1436 1091 1487 externus
1102 1424 1174 1486 Rex
1185 1422 1308 1508 flagitio

241 1501 404 1585 obtineret,
418 1503 573 1568 contrahit
585 1504 700 1591 copias,
714 1505 905 1593 fratremque
920 1506 1083 1583 Tiridaten
1097 1506 1250 1570 deducere
1269 1507 1311 1575 in,
1341 1550 1344 1558 -

168 1614 170 1621 .
243 1608 376 1672 regnum
397 1601 499 1674 parat,
513 1610 553 1651 ne
567 1611 631 1686 qua
644 1612 717 1675 pars
731 1590 844 1653 domus
865 1590 930 1653 sine
949 1592 1080 1676 imperio
1093 1603 1209 1677 ageret.
1253 1593 1308 1655 In-

242 1694 329 1735 cessu
349 1672 549 1759 Parthorum,
570 1696 634 1736 srne
653 1673 718 1737 acie
734 1674 818 1761 pulsi
841 1675 943 1754 Iberi3
967 1676 1123 1761 urbesque
1145 1676 1305 1739 Armenio-

241 1778 323 1835 rum,
350 1759 507 1823 Artaxata
531 1767 562 1821 et
586 1758 821 1844 Tigranocerta,
842 1760 958 1847 jugum
983 1782 1137 1845 accepere.
1181 1759 1307 1832 Deinde

240 1854 329 1905 atrox
343 1840 453 1921 hiems,
468 1865 523 1906 seu
560 1865 648 1906 arum
660 1842 776 1929 provisi
789 1861 987 1923 commeatus,
998 1858 1030 1909 et
1040 1857 1113 1922 orta¹
1118 1866 1159 1907 ex
1172 1856 1306 1930 utroque

242 1926 339 2005 tabes,
360 1865 734 2014 percelluntpVologesen,
749 1929 890 2003 omittere
910 1928 1093 2016 praesentia:
1114 1950 1307 2015 vacuamque

242 2033 350 2074 rursus
374 2012 558 2075 Armeniam
584 2012 810 2076 Rhadamistus
835 2014 958 2092 invasit,
985 2012 1190 2088 truculentior
1210 2036 1308 2098 quam

182 2175 184 2177 Ι
242 2096 341 2173 antea,¹
353 2107 512 2181 tamquam
523 2097 670 2159 adversus
679 2096 858 2173 defectores,
869 2109 901 2160 et
910 2097 942 2159 in
951 2111 1089 2183 tempore
1097 2095 1306 2161 rebellaturos.

243 2180 351 2266 Atque
364 2177 421 2258 illi,
436 2180 579 2265 quamvis
594 2178 717 2244 servitio
732 2180 824 2260 sueti,
840 2181 1020 2267 patientiam
1041 2181 1245 2266 abrumpunt,
1260 2204 1309 2245 ar-

241 2263 363 2349 misque
374 2263 492 2350 regiam
506 2262 760 2329 circumveniunt.
990 2322 993 2327 Α

284 2350 346 2412 LI.
361 2350 429 2412 Nec
442 2347 526 2413 aliud
543 2348 748 2413 Rhadamistn
763 2348 936 2414 subsidium
945 2349 1022 2428 fuit,
1033 2374 1129 2437 quam
1142 2353 1307 2437 pernicitas

244 2454 408 2518 equorum,
435 2433 506 2532 quis
534 2456 630 2520 seque
654 2447 686 2498 et
710 2436 876 2520 con'ugem
901 2434 1039 2502 abstulit.
1085 2435 1147 2500 Sed
1173 2438 1309 2524 conjunx

243 2517 382 2602 gravida,
405 2540 538 2604 primam
561 2531 732 2614 utcumque
756 2458 945 2604 dugam„ob
968 2535 1086 2584 metum
1112 2521 1255 2586 hostilem
1276 2538 1308 2588 et

242 2600 345 2664 mariti
368 2602 537 2680 caritatem,
562 2602 721 2666 toleravit:
750 2615 832 2689 post,
855 2604 1049 2668 festinatione
1072 2605 1229 2684 continua,
1253 2607 1308 2673 ubi

238 2685 326 2772 quati
348 2698 455 2750 uterus
474 2698 506 2750 et
521 2686 635 2750 viscera
649 2685 822 2766 vibrantur,
843 2711 941 2766 orare,
963 2696 985 2726 “
1000 2704 1038 2752 ut
1058 2704 1156 2752 morte
1177 2690 1305 2755 honesta

237 2769 430 2856 contumeliis
444 2770 631 2857 captivitatis
644 2769 860 2852 eximeretur.'’
892 2772 950 2837 Ille
963 2772 1065 2859 primo
1079 2773 1234 2859 amplecti,
1248 2775 1304 2838 ad-

239 2854 350 2931 levare,
362 2854 530 2935 adhortari,
541 2854 635 2919 modo
645 2853 793 2920 virtutem
803 2857 970 2934 admirans,
985 2857 1079 2922 modo
1090 2858 1200 2927 timbre
1210 2882 1237 2921 ae
1259 2883 1303 2936 er,

193 2953 195 2962 ‘
241 2961 280 3002 ne
294 2939 365 3026 quis
378 2938 485 3004 relicta
498 2939 659 3028 potiretur.
705 2944 879 3022 Postremo,
895 2941 1039 3008 violentia
1052 2941 1176 3025 amoris,
1190 2882 1307 3014 etiaci

276 3178 318 3225 Nc
332 3179 410 3225 coetcri
426 3179 527 3242 quoque]
562 3177 618 3226 Non
631 3188 665 3228 est
674 3182 756 3228 obscr-
789 3188 824 3239 est
844 3179 914 3229 etiam
937 3180 962 3229 in
983 3181 1035 3230 cod.
1053 3182 1114 3244 Reg.
1147 3180 1193 3230 Sed
1215 3181 1307 3246 Putepl.

240 3254 306 3352 xii
319 3241 462 3352 quidalvipnht.fi
481 3241 520 3352 {a
529 3241 559 3288 de
570 3241 668 3354 Piliam
678 3245 755 3304 conja-
786 3244 959 3356 ffimdg
966 3247 1127 3357 Aiditmnt'·
1134 3245 1198 3355 quod
1206 3245 1305 3358 titi&

323 3319 348 3351 rn
462 3319 486 3351 er
516 3319 523 3351 r
548 3319 564 3351 u
887 3324 903 3354 u

240 3367 288 3427 alii,
297 3367 382 3430 quibus
391 3382 508 3415 armorum
517 3320 595 3428 juaesi
605 3321 755 3432 qupgpprqunrp
788 3324 1133 3419 r101.ari³imveunr.ii1ii⁰.u
1141 3323 1205 3420 Birud
1216 3389 1231 3420 a
1239 3371 1261 3418 l.
1270 3387 1303 3422 m·

240 3433 366 3494 approbare
380 3430 470 3493 Peligni
485 3431 574 3479 facinus
584 3442 607 3480 et
621 3443 698 3492 ratum
714 3433 756 3480 ba·
782 3436 922 3495 percellunt,
937 3434 1000 3482 unde
1016 3439 1039 3482 2.
1050 3450 1075 3481 m
1093 3435 1148 3483 fecit
1159 3437 1303 3496 propellunt.

241 3496 294 3542 bere
304 3494 455 3543 crederentur.
488 3493 714 3552 remnants,
728 3499 755 3556 3,
786 3497 925 3545 Rhendein
931 3500 1072 3559 perpetium.
1095 3498 1149 3547 Hoc
1158 3498 1217 3546 inibi
1227 3498 1304 3564 aptius

242 3558 280 3604 13.
312 3561 368 3620 Ego
389 3559 417 3605 dc
438 3573 475 3606 me
501 3561 657 3622 conjecturam
679 3561 754 3622 farto.
784 3561 874 3608 ridetur
891 3569 915 3608 et
933 3562 1045 3610 Gronovii
1065 3563 1123 3609 ratio
1140 3561 1222 3624 potior.
1254 3563 1300 3610 Ast

241 3621 333 3670 daos.
363 3622 394 3670 In
408 3621 454 3670 line
464 3621 545 3684 capitis
555 3622 610 3671 MS.
624 3623 702 3672 Guelf.
712 3627 756 3686 jc-
787 3622 861 3672 MSS.
871 3639 993 3673 consensus
1000 3625 1068 3684 jubet
1078 3625 1157 3688 reponi
1164 3628 1304 3686 percellant,

242 3685 340 3732 beremr.
358 3685 428 3735 ΕΠ.
787 3688 830 3734 etsi
845 3703 900 3735 cum
915 3687 1005 3735 infinito
1020 3687 1122 3736 construi
1138 3703 1255 3751 nusquam
1269 3687 1304 3736 vi.-

280 3750 420 3810 Pcrpclluut
441 3749 576 3814 Vologesen]
606 3749 708 3798 Pichena
722 3767 756 3800 ex
786 3750 863 3808 deam,
878 3765 920 3798 nec
930 3750 1076 3812 satisfaciant,
1087 3767 1140 3815 qua
1147 3751 1275 3816 Bipmdh.
1286 3752 1304 3802 1.

239 3811 305 3870 Flet.
317 3811 388 3860 edidit
402 3813 540 3874 percellunt.
573 3813 669 3872 Rectius
685 3815 756 3878 vulgo
789 3814 926 3862 Buddein.

237 3876 379 3938 perpellunt.
411 3875 472 3924 Vide
482 3891 535 3938 qure
545 3877 755 3940 notamusedhiv.
797 3936 800 3940 ι
824 3878 872 3925 uu
886 3879 952 3943 quot}
965 3877 1056 3939 merus]
1085 3878 1181 3930 Durum
1199 3887 1235 3928 est
1249 3893 1304 3927 con.

242 3939 317 4000 aab.
333 3939 424 3988 Gaou-
449 3939 755 3989 Peroetrautstinuuett
785 3940 854 4004 jungi
869 3943 936 4002 quati
953 3948 977 3989 ot
994 3944 1125 3992 murmur,
1152 3944 1190 3999 ¹Iu
1212 3952 1305 4005 premar

242 4001 470 4066 edpr.eteeterisu
498 4003 654 4052 ueedlthen.
672 4005 757 4056 Paullo
785 4004 1239 4079 estcumHeinm‘ocorrigerequatitur.
1256 4005 1304 4053 Sed

243 4075 296 4115 ante
306 4067 387 4115 deam
397 4065 479 4114 dedic
514 4067 651 4130 lorstlueli.
668 4077 691 4116 et
701 4077 755 4116 vett.
787 4067 823 4131 nil
838 4067 986 4116 mutandum.
1018 4068 1099 4120 stoue
1113 4067 1248 4130 exenplum
1266 4077 1303 4121 est

244 4128 296 4178 edd.
327 4129 385 4180 Post
398 4131 614 4182 rebellaturosbene
625 4131 702 4180 Rhen·
715 4132 757 4196 (ex
790 4131 830 4191 lb,
846 4131 887 4186 27.
902 4140 960 4178 extr.
971 4131 1013 4180 etsi
1029 4131 1098 4183 illurn
1115 4131 1303 4194 quoquelocum

242 4191 756 4308 amatthttlmhlth
787 4190 1306 4310 remutatwststt

246 4319 327 4368 Guelt.
345 4320 517 4383 quod-primus
541 4320 612 4370 edidit
634 4274 757 4385 Rhemsslre
787 4323 854 4370 nullo
862 4331 969 4385 tentatus·
987 4318 1304 4384 Soepeaceuuusututius

246 4381 324 4445 But.)
357 4383 402 4432 Ed.
418 4387 678 4448 promereremur,
695 4378 761 4460 quod*
790 4385 862 4435 Eur·
953 4418 955 4422 -
