3042 4950
216 249 248 289 r.
265 230 292 291 e.
309 239 372 310 cn]
474 325 478 332 Ι
534 238 614 301 nm.
633 240 700 298 xv.
722 236 936 310 cernon.
1221 246 1279 305 err

216 398 249 461 in
275 389 448 463 ludibrium
476 400 564 478 verti,
590 401 718 486 quando
746 402 817 487 quis
843 402 908 465 sine
934 403 1127 469 solicitudine
1152 393 1273 492 pareus,

219 484 285 549 sine
312 485 400 549 luctu
425 486 531 564 orbus,
555 485 651 572 longe
672 501 797 572 patrum
823 500 896 549 vota
917 502 1043 586 repente
1065 489 1273 575 adaequaret.''

218 569 353 632 Factum
375 592 415 632 ex
441 593 478 633 eo
497 571 816 649 Senatusconsultum,
840 579 862 610 “
877 593 916 633 ne
938 573 1081 637 srmuleta
1099 574 1225 661 adoptio
1241 574 1274 636 iu

219 652 284 716 ulla·
398 656 534 720 muneris
547 657 664 744 publici
681 658 818 744 juvaret,
838 680 873 719 ac
893 680 932 721 ne
947 656 1133 744 usurpandis
1147 659 1275 745 quidem

219 737 275 801 her
315 740 444 817 itatibus
457 742 645 828 prodesset.’'
1226 756 1240 783 ⁸·

263 823 345 887 XX.
369 826 453 889 Exin
477 828 631 891 Claudius
651 828 853 904 Timarchus,
875 825 1039 903 Cretensis,
1062 850 1133 892 reus
1154 827 1270 913 agitur,
1301 857 1306 864 ·
1361 839 1366 851 ‘

217 909 327 972 ceteris
340 911 531 990 criminibus,
540 926 577 976 ut
586 913 684 977 solent
692 912 853 999 praevalidi
864 910 1110 999 provincialium,
1122 929 1153 976 et
1163 913 1276 999 opibus

218 993 321 1058 nimiis
334 996 375 1060 ad
388 995 520 1084 injurias
533 998 688 1061 minorum
702 997 790 1060 elati:
807 1020 870 1060 una
883 1018 946 1059 vox
961 997 1029 1083 ejus
1040 999 1188 1083 usquead
1202 1020 1275 1061 con-

219 1080 378 1145 tumeliam
391 1084 522 1146 Senatus
535 1094 759 1168 penetraverat,
772 1081 858 1167 quod
869 1081 1048 1162 dictitasset,
1065 1090 1085 1121 ‘⁶
1101 1083 1134 1145 in
1149 1106 1207 1146 sua
1217 1106 1275 1169 po·

220 1178 331 1229 testate
357 1166 461 1243 situm,
484 1189 525 1229 an
546 1167 799 1243 ProconsulibuS,
826 1166 881 1251 qui
912 1167 1037 1239 Cretam
1059 1168 1274 1247 obtinuissent,

217 1264 322 1334 grates
394 1252 530 1315 rentur.”
574 1251 681 1323 Quam
695 1250 884 1329 occasionem
899 1252 1007 1313 Paetus
1022 1252 1274 1318 Thraseaadbo-
1330 1248 1338 1289 7

219 1355 296 1397 num
310 1354 354 1420 pu
377 1334 471 1399 licum
485 1347 617 1415 vertens,
629 1348 796 1423 postquam
805 1335 844 1399 de
858 1357 912 1398 reo
926 1350 1096 1414 censuerat,
1113 1343 1134 1375 ‘⁶
1150 1337 1276 1422 provin-

218 1418 267 1482 cie
281 1420 376 1483 Creta
389 1419 637 1507 depellendum,”
652 1422 719 1485 haec
739 1418 881 1485 addidit:
905 1426 926 1459 “
943 1419 1014 1483 Usu
1035 1421 1203 1507 probatum
1217 1434 1274 1496 est,
1288 1458 1296 1466 ·

220 1505 257 1566 P.
272 1504 309 1568 C.
322 1503 407 1590 leges
419 1506 570 1604 egregias,
585 1507 727 1593 exempla
739 1507 877 1582 honesta,
893 1506 977 1591 apud
989 1505 1088 1570 bonos
1102 1529 1141 1569 ex
1156 1505 1274 1569 delictis

219 1587 351 1669 aliorum
371 1590 468 1678 gigni.
513 1590 564 1655 Sic
582 1607 740 1656 oratorum
761 1590 884 1654 licentia
899 1588 1037 1654 Cinciam
1050 1590 1272 1677 ,rogationem

219 1674 456 1740 candidatorum
475 1675 609 1739 ambitus
630 1679 653 1739 J
655 1677 734 1741 ulios
754 1676 855 1761 leges3
881 1676 1128 1761 Magistratuum
1146 1676 1275 1759 avaritia

222 1758 394 1845 Calpurnia
408 1760 484 1823 scita
497 1784 537 1847 pe
577 1774 694 1824 rerunt.
738 1762 825 1825 Nam
840 1760 942 1849 culpa,
962 1784 1056 1846 quam
1075 1784 1178 1847 poena,
1201 1772 1276 1825 tem-

218 1858 295 1929 pore
317 1844 422 1930 pri0r;
442 1784 609 1923 emenffir',
631 1869 727 1933 quam
744 1866 888 1931 peccare,
912 1846 1064 1930 posterius
1087 1860 1141 1911 est.
1186 1848 1276 1933 Ergo

220 1922 368 1995 adversus
392 1952 505 1994 novam
525 1931 760 2017 provincialium
778 1954 814 1995 su
855 1928 954 1993 rbiam
976 1931 1108 2016 dignum
1124 1930 1186 1995 fide
1205 1954 1277 1995 con-

220 2014 394 2101 stantiaque
409 2015 553 2080 Romana
566 2016 724 2102 capiamus
738 1952 910 2092 consilium,
927 2036 991 2111 quo
1001 2016 1107 2080 tutelae
1123 2017 1275 2087 sociorum

219 2096 489 2187 nihilderogetur,
501 2101 589 2165 nobis
597 2101 702 2186 opinio
711 2100 851 2176 decedat,
863 2097 963 2184 qualis
972 2100 1274 2186 quisque'habeatur,
1370 2168 1372 2173 s

218 2181 293 2247 alibi
331 2207 401 2249 uam
418 2186 450 2248 in
465 2186 580 2249 civium
590 2186 711 2271 judicio
724 2202 798 2251 esse:

221 2306 225 2312 »
264 2270 301 2331 Χ
341 2272 368 2333 Ι.
392 2270 515 2335 “Olim
551 2271 656 2337 uidem
671 2294 733 2337 non
747 2270 841 2335 modo
857 2272 986 2349 Praetor,
1004 2283 1060 2334 aut
1075 2270 1203 2349 Consul,
1220 2272 1275 2337 sed

219 2352 333 2439 privati
348 2352 440 2422 etiam
455 2356 543 2421 mitte
605 2370 667 2437 tur,
680 2357 736 2443 qui
746 2358 919 2443 provincias
928 2356 1071 2433 viserent,
1086 2368 1128 2433 et,
1143 2356 1222 2441 quid
1235 2357 1276 2421 de

220 2439 374 2526 cujusque
387 2441 537 2528 obsequio
550 2441 720 2522 videretur,
735 2444 904 2508 referrent:
928 2441 1187 2528 trepidabantque
1200 2464 1277 2527 gen·

216 2535 267 2586 tes
281 2524 321 2588 de
334 2526 558 2590 existimatione
573 2527 618 2590 sin
664 2528 774 2591 lorum.
818 2529 865 2591 At
879 2539 962 2590 nunc
984 2526 1112 2590 colimus
1134 2539 1276 2602 externos

219 2620 252 2671 et
263 2610 445 2695 adulamnrg
461 2596 597 2698 atquem
642 2612 713 2675 oad
724 2626 838 2677 nutum
848 2612 979 2697 alicujus
985 2624 1101 2697 grates,
1116 2611 1160 2682 ita
1171 2634 1276 2697 prom·

218 2694 306 2778 ptius
333 2696 492 2762 adcusatio
517 2696 712 2763 decernitur:
746 2696 992 2782 decernaturque
1011 2709 1043 2760 et
1064 2713 1188 2764 maneat
1204 2719 1276 2783 pro-

255 2866 732 2978 NemrpandisqutdempNeedsolidi
766 2867 885 2932 piendum.
925 2867 989 2916 Nam
1007 2867 1086 2930 legati,
1105 2867 1170 2916 missi
1191 2867 1220 2915 ed
1243 2883 1278 2921 rea

217 2931 384 2992 capacitatem:
405 2940 541 2994 argumento
591 2933 631 2978 51.
652 2933 686 2980 D.
704 2931 734 2979 de
766 2932 925 2996 inspiciendas,
937 2942 971 2979 est
981 2931 1101 2992 judicare,
1117 2930 1141 2979 h.
1158 2947 1178 2979 e.
1196 2933 1278 2979 eristi.

222 2993 367 3055 Legatisll.
396 2995 732 3059 Videquaenotariadlegem
766 3012 840 3054 mare,
863 3011 909 3044 non
930 2997 1056 3042 oesttmorc.
1097 2995 1129 3044 V·
1153 2995 1226 3044 Gran.
1249 2995 1280 3044 ad

218 3057 321 3119 Papiam
331 3060 408 3118 Μ’).
433 3060 508 3108 lares.
537 3059 636 3114 Quidem
646 3062 734 3106 uberte
767 3061 820 3108 Liv.
832 3061 856 3118 4,
868 3060 908 3107 tl.
925 3060 966 3118 34,
978 3062 1001 3106 2.
1038 3061 1291 3122 ltaquceclrtimotio

220 3121 285 3184 Buri.
296 3133 319 3170 et
329 3125 407 3177 obesse
416 3133 498 3188 potest.
521 3122 561 3170 De
571 3138 596 3170 re
606 3138 628 3171 v.
640 3123 732 3172 etGell.
766 3123 941 3181 diciturdeec„
951 3123 989 3170 cui
1005 3133 1104 3186 potestas
1120 3123 1279 3186 cognoscendi,

219 3187 244 3245 δ’,
258 3187 296 3237 19.
377 3246 380 3250 Α
765 3187 883 3250 judicandi
898 3188 959 3245 date,
977 3187 1129 3250 quamfuisse
1145 3187 1279 3251 talilegato,

216 3252 225 3278 ·¹
256 3251 340 3301 orares
358 3247 497 3317 egerentur]
515 3252 601 3300 ursus
619 3251 668 3299 illae
686 3265 733 3298 non
766 3251 867 3299 dubitari
888 3251 975 3314 nequit.
1020 3251 1222 3306 Quamobrem
1248 3251 1280 3308 sic

219 3315 377 3371 erentnibili3
394 3315 733 3381 prodereutedsequentesho·
766 3315 888 3362 edidimus.
916 3315 1190 3364 Verbieatatimntlonem
1201 3315 1279 3363 dixere

217 3378 409 3427 nores.'V.Plin.
466 3396 502 3444 eg.
513 3381 554 3435 71.
766 3380 835 3426 etiam
859 3377 940 3426 Cicero
961 3387 984 3426 et
1006 3380 1088 3427 caesar.
1128 3380 1224 3428 Secutus
1246 3387 1281 3426 est

253 3395 626 3508 Hoeemmpnlqumm
765 3458 808 3490 nos
819 3443 944 3490 Broterius.
978 3443 1050 3492 Eure.
1082 3444 1180 3492 Secutus
1190 3443 1278 3490 etLal-

255 3507 733 3570 C'mcicmrogntJNotstisadllfflaet
765 3507 820 3554 lem.
853 3508 910 3554 Non
925 3507 979 3570 Bip.
997 3507 1202 3570 quivrestituerunt
1216 3507 1279 3556 ‹ceti-

154 3587 160 3592 ·
221 3571 259 3624 13,
271 3574 311 3618 42.
321 3572 381 3620 adde
390 3572 507 3620 Ranchini
518 3572 687 3632 valeas,
698 3573 721 3627 7.
766 3573 874 3634 motione,
886 3581 1033 3632 provocantes
1043 3570 1142 3620 adLivii
1152 3571 1168 3618 1.
1177 3587 1201 3624 c.
1233 3569 1279 3619 Sed

254 3635 324 3682 Nam
349 3638 418 3698 culpo
442 3652 513 3698 quam
535 3639 617 3701 pune]
646 3635 734 3686 simitu
766 3635 955 3682 isestindubin.
991 3635 1087 3691 Parum,
1097 3643 1162 3697 puto.
1172 3634 1274 3684 interest.

215 3710 304 3761 'meme
322 3699 346 3746 in
363 3699 464 3748 nestun.
500 3703 580 3749 Nemo
596 3704 734 3763 potestatum
798 3701 990 3762 Decemraturque
1012 3706 1034 3745 et
1056 3698 1160 3763 murat]
1185 3699 1211 3747 Si
1232 3713 1279 3747 nnn

220 3765 375 3829 reprehendit,
385 3765 645 3827 quoetgnoratfutoror
657 3780 733 3812 emen-
765 3763 851 3813 fractus
867 3765 939 3824 locus,
957 3763 1030 3812 scribo
1046 3763 1157 3810 sententie
1173 3763 1278 3822 ducente,

220 3828 284 3874 dotto
311 3832 405 3890 colytum
431 3844 477 3877 non
497 3831 617 3877 antecedit.
658 3827 734 3876 ere.
767 3829 1060 3887 decernaturmemaucar.
1076 3827 1279 3889 Nisiperironiam

221 3890 281 3939 Mox
288 3895 469 3954 prouinciarum
479 3901 533 3940 mre
544 3893 671 3956 Picbenapr
678 3891 731 3940 edd.
766 3891 815 3940 lraec
832 3892 893 3940 dicta
911 3892 993 3956 capies,
1012 3899 1035 3938 et
1054 3890 1162 3938 simulate
1178 3891 1279 3956 quadam
1304 3891 1306 3896 '

217 3968 315 4013 ’omnem
344 3957 413 4005 ettam
436 3954 491 4005 MS.
511 3956 590 4004 Guelf.
609 3955 734 4025 nisiquod
766 3956 915 4004 concessione.
948 3955 1004 4014 Quo
1020 3969 1087 4002 sensu
1106 3954 1165 4002 nihil
1182 3964 1279 4002 mutem.
1307 3973 1310 3982 ·

220 4018 300 4082 edpr.
309 4022 465 4081 provinciam.
499 4019 571 4067 Eun.
604 4019 733 4081 Flenpro-
767 4019 842 4067 ers.
871 4020 959 4068 Omnia
970 4034 1026 4066 sana
1037 4026 1098 4066 sunt.
1125 4019 1198 4068 Eun.
1225 4020 1278 4067 Irno
1306 4077 1309 4082 ,

221 4084 378 4132 electuarium:
401 4085 456 4132 inde
472 4085 581 4132 Pichenae
595 4082 734 4142 emendatio,
767 4084 1031 4146 maiorinvulgsisest.
1049 4082 1201 4150 Lipsiusipse
1209 4083 1279 4131 sensit

221 4156 248 4192 nt
260 4147 361 4195 Faernus
370 4149 421 4208 jem
432 4148 566 4211 conjecerat.
768 4146 790 4195 in
811 4146 870 4195 notis
888 4148 1025 4196 nemesimis.
1072 4147 1110 4196 Sic
1128 4146 1239 4196 etPicb.
1256 4155 1280 4196 et

217 4232 220 4237 ·
253 4211 732 4278 DeaesttmcttonestngulorumllnMS.
769 4211 873 4260 Freinsh.
907 4211 1281 4276 (laterumhi'csenegeruntlium

218 4274 310 4334 tuuc)
323 4275 400 4323 Guelf.
415 4275 451 4322 ed.
462 4291 497 4340 pr.
515 4277 571 4324 Put.
587 4278 665 4324 est'de
675 4277 736 4324 eau.
768 4291 783 4324 e
796 4275 918 4328 subaudita
927 4277 1034 4340 facultas
1044 4275 1143 4346 pendere
1153 4284 1237 4338 potest,
1254 4283 1282 4324 ut

216 4338 408 4403 matureque
418 4340 671 4403 cdemessepctestde
686 4341 736 4388 ecl-
769 4356 796 4388 su
848 4339 1203 4395 c5.forcarravooertudium.
1224 4339 1282 4389 Aru

219 4404 362 4451 secretione.
398 4404 478 4468 Atque
496 4403 529 4454 itu
547 4414 606 4470 puto
623 4404 661 4453 hic
677 4403 737 4453 neci·
769 4405 792 4452 vi
808 4404 945 4470 egents.
978 4402 1269 4455 SuomnonltebetBud.
