3042 4950
204 216 232 252 r.
248 213 272 251 ο.
288 192 350 263 aa]
563 189 637 247 nra.
659 186 742 245 xsn.
764 145 850 246 mn
870 175 918 245 aa.
1220 189 1276 247 ess

211 356 311 443 Eprio
325 365 357 418 et
372 352 566 429 Cossutiano,
581 350 787 451 quinquagies
801 350 974 414 sestertium
990 350 1137 437 singulis3
1156 352 1281 417 Ostorio

166 518 168 522 ¹
210 440 375 506 duodecies
388 452 424 519 et·
435 438 609 515 Quaestoria
622 438 754 524 insignia
769 436 960 501 tribuuntur.
976 516 979 521 ‚

258 526 424 591 XXXIV.
449 525 536 586 Tum
551 523 590 587 ad
608 522 790 600 Thraseam,
806 521 838 584 in
852 520 950 585 hortis
1022 535 1117 601 utem,
1137 527 1282 603 Quaestor

214 610 359 679 Consulis
375 610 487 673 missus
506 621 735 693 vesperascente
753 607 820 693 jam
842 606 901 670 die.
948 608 985 670 ln
998 610 1130 673 ustrium
1146 611 1283 675 virorum

213 698 460 781 feminarumque
474 706 573 760 coetus
586 693 764 779 frequentes
778 705 894 777 egerat,
916 693 1050 757 maxime
1068 694 1206 759 intentus
1220 700 1286 761 Dc-

214 783 337 860 metri0,
357 781 484 867 Cynicae
505 778 706 843 institutionis
721 778 858 855 doctori;
884 800 956 841 cum
971 802 1046 861 quo,
1064 794 1099 843 ut
1113 781 1286 867 conjectare
1312 831 1319 848 .

216 884 282 935 erat
296 866 466 932 intentione
477 864 588 947 ¹vultus
602 877 633 928 et
646 862 772 938 auditis,
796 862 906 949 siqua
926 864 1039 928 clarius
1059 865 1297 951 proloqueban:

217 968 279 1031 tur,
302 953 341 1016 de
356 967 469 1017 natura
483 949 594 1013 animae
612 965 643 1013 et
660 948 872 1013 dissociatione
887 947 1014 1035 spiritus
1028 952 1228 1049 corporisque
1241 953 1287 1015 in-

163 1055 170 1070 ·
219 1040 383 1127 quircbat:
420 1036 517 1099 donec
545 1036 670 1099 advenit
686 1033 847 1101 Domitius
874 1033 1071 1110 Caecilianus
1104 1061 1143 1100 ex
1172 1037 1288 1101 mtimis

218 1124 334 1203 amicis,
348 1138 380 1187 et
393 1122 432 1201 ci,
448 1120 524 1207 quid
541 1122 673 1185 Senatus
687 1120 866 1195 censuisset,
879 1120 1031 1203 exposuit.
1066 1121 1169 1207 igitur
1179 1122 1288 1187 {lentes

254 1297 360 1353 Quaestor
373 1295 480 1344 emata
490 1296 588 1359 missas]
606 1295 735 1343 Consulum
775 1299 901 1353 quarentes.
938 1292 1084 1348 Quiritantes
1105 1296 1235 1356 conjectura
1256 1304 1290 1344 eu

220 1359 735 1479 sl,
776 1356 981 1483 {lucrm
994 1372 1292 1471 a,

222 1435 308 1549 idiibit,
320 1438 508 1551 AianeClrilaididda
519 1494 542 1535 cl
555 1490 583 1536 C.
594 1489 736 1536 Norbanum
776 1455 865 1549 opiitor,
885 1493 908 1531 et
928 1436 1065 1534 adpoditem
1086 1486 1137 1533 edd.
1156 1440 1290 1551 prisildig‘ata.

224 1556 335 1603 Consules
351 1554 441 1615 primos
458 1554 522 1599 binos
543 1552 672 1607 Qaoestoees
693 1554 735 1599 ba·
778 1550 833 1597 Non
852 1549 942 1611 ignoro,
959 1549 1059 1597 dubitari
1075 1566 1089 1597 a
1105 1551 1177 1599 doctis
1193 1553 1248 1608 viris
1264 1552 1294 1599 de

222 1622 304 1666 baisse.
337 1618 362 1665 Si
380 1616 404 1664 id
423 1630 470 1663 uon
488 1616 524 1669 sit,
542 1615 647 1669 scribam,
668 1616 735 1672 Qua.
778 1615 1005 1674 subaquaneum,
1028 1624 1051 1662 et
1071 1614 1176 1663 librarios
1195 1617 1294 1664 subinde

222 1692 270 1732 stoa
283 1684 380 1731 Contuli
392 1684 482 1734 missua
498 1680 523 1727 id
534 1680 738 1736 ssseaaConsule
778 1678 821 1725 hoc
840 1679 936 1725 verbum
960 1677 1055 1736 dedisse,
1082 1679 1123 1726 ubi
1147 1680 1188 1727 alii
1211 1681 1295 1728 rectius
1367 1697 1371 1705 ’

222 1748 314 1795 missus.
349 1745 421 1805 Quod
437 1744 486 1792 lieri
502 1744 573 1791 solere
591 1746 739 1793 observamus
778 1742 885 1796 alterum,
908 1750 935 1789 ut
955 1741 1019 1805 apud
1037 1742 1132 1791 Livium
1151 1746 1191 1802 39,
1210 1746 1233 1791 8.
1256 1748 1294 1794 10.

223 1812 248 1858 in
269 1811 297 1859 iis
319 1810 360 1875 qui
384 1808 488 1857 damnati
510 1824 525 1855 a
549 1808 654 1869 Senatu-s
683 1826 737 1857 nam
779 1809 821 1864 to,
842 1809 865 1854 a.
884 1807 970 1869 quibus
989 1806 1012 1853 iu
1031 1807 1087 1856 locis
1104 1808 1150 1855 vid.
1173 1809 1294 1858 Drakenb.

226 1875 324 1933 Consul,
344 1876 395 1935 ejus
410 1882 495 1936 caput3
512 1872 645 1920 administer
661 1882 739 1921 autem
780 1870 962 1933 Diligentissima
981 1871 1086 1921 amrium
1111 1872 1140 1919 de
1160 1872 1205 1921 hcc
1226 1877 1295 1922 verbo

226 1940 342 1998 Consulis,
354 1938 467 1997 Quaestor.
494 1937 542 1985 Dio
556 1940 596 1997 58,
612 1942 635 1984 4.
649 1937 678 1985 de
693 1939 739 1986 Ge·
781 1936 828 1997 egit
845 1934 1025 1981 Schwarziusad
1038 1936 1109 1983 Plinii
1120 1937 1207 1999 Paneg.
1220 1952 1239 1985 c.
1251 1940 1293 1986 29.

225 2004 299 2052 minio
312 2004 391 2051 Rufos
410 2002 452 2050 Kal
465 2004 541 2062 μαθὼν
557 2004 592 2051 ely
609 2003 689 2060 ταμίαν
707 2002 740 2048 ἐπὶ
781 2000 822 2046 ubi
838 2014 917 2047 omnes
932 1999 1018 2061 scripti,
1035 2002 1118 2063 prater
1133 2016 1208 2049 unum
1225 2002 1295 2050 Salis·

226 2067 534 2135 teneraemondensium,
553 2065 741 2119 αὑτόςτεέαυτὶν
781 2065 927 2125 burgensem,
956 2063 1042 2111 habent
1067 2068 1237 2126 quaeritantibus
1261 2082 1297 2113 so-

227 2128 742 2200 i'rporat‚ualintinquisilgacsiepaipu‚'Anaip-
782 2129 833 2186 ciis,
852 2136 876 2174 et
892 2127 943 2174 edd.
959 2139 1043 2176 veteres
1054 2144 1149 2185 omnen
1164 2131 1298 2178 recentiores

225 2205 307 2253 γιιλον,
325 2194 374 2253 iss,
392 2195 421 2258 τῇ
436 2194 543 2257 γερουσίᾳ,
561 2194 593 2239 ἔτι
612 2194 662 2257 ἀνὴρ
675 2194 742 2246 οὕτως
783 2208 797 2239 a
814 2191 920 2239 Livineio
935 2191 990 2240 inde
1009 2191 1185 2254 quiritaniidan
1203 2194 1253 2243 sine
1268 2195 1298 2241 li·

227 2260 362 2313 arrisione.
395 2258 470 2304 mrs.
782 2258 878 2305 brorum
905 2266 959 2303 vett
986 2258 1126 2306 auctoritate.
1167 2259 1190 2307 ls
1219 2268 1297 2307 autem

260 2324 388 2377 Demetrio,
401 2323 672 2386 Cynscoesnstrtutsoms]
682 2320 743 2379 Qua
783 2320 816 2369 ita
830 2320 946 2369 decernit:
965 2318 1034 2368 usum
1049 2321 1087 2369 hic
1103 2323 1177 2385 magis
1193 2333 1298 2387 spectau-

229 2396 289 2435 secta
310 2402 389 2434 revera
409 2402 424 2434 a
445 2385 522 2433 Stoica
546 2386 625 2433 tunica
651 2394 743 2433 tantum
784 2385 850 2443 dum,
868 2395 939 2447 quam
956 2385 1093 2448 sirulugum,
1108 2384 1300 2449 quae'sanel'erat

228 2452 313 2510 distat;
333 2451 358 2498 id
377 2458 418 2506 est,
437 2450 500 2514 quod
515 2450 600 2498 nudius
618 2458 641 2499 et
656 2450 744 2498 invere-
785 2452 919 2513 quesitam.-
942 2450 965 2497 in
990 2449 1045 2513 ista
1057 2451 1165 2500 varietate
1187 2453 1299 2501 librorum

228 2517 325 2565 cundius
345 2516 435 2580 Cynici,
455 2531 508 2579 quae
525 2516 604 2563 velant
622 2523 644 2562 ct
663 2523 745 2578 tegunt
785 2515 859 2562 tutius
874 2514 942 2562 scribi
957 2515 1045 2578 ubique
1060 2518 1183 2577 quiritans,
1200 2518 1273 2566 donec
1288 2535 1301 2566 e

228 2582 308 2628 leviter
335 2580 413 2628 Stoici.
453 2579 568 2627 Demetrii
596 2579 667 2640 hujus
693 2579 745 2626 laus
786 2588 854 2642 poeta
885 2580 1019 2642 exemplum
1052 2581 1187 2643 proferatur,
1216 2583 1258 2630 ubi
1288 2599 1302 2632 e

230 2646 293 2708 apud
308 2645 475 2692 Philostratum
487 2646 511 2700 4,
523 2647 562 2690 25.
574 2643 660 2691 devita
672 2641 746 2706 Apol·
786 2643 915 2706 quantitate
941 2643 1036 2707 syllabae
1061 2645 1167 2692 secundae
1192 2646 1222 2694 de
1248 2663 1302 2695 sera

230 2709 296 2768 lonii,
316 2709 426 2756 Senecam
443 2708 472 2755 de
491 2707 572 2754 Benef.
593 2708 617 2764 7,
636 2710 659 2756 8.
680 2708 747 2768 cujus
787 2708 899 2770 scriptura
911 2707 1012 2768 judicari
1026 2709 1114 2770 possit:
1133 2708 1234 2774 denique
1251 2727 1303 2758 ver.

133 2819 136 2828 ,
232 2776 316 2822 verba:
343 2775 430 2820 Paullo
455 2779 509 2820 ante
532 2771 682 2819 Danastium
709 2786 746 2817 re·
786 2773 818 2818 bo
833 2773 964 2832 quintanas
979 2771 1100 2820 adhaesisse
1114 2775 1231 2841 notionem
1248 2791 1304 2837 que-

232 2839 284 2895 ruli,
305 2853 372 2899 qrscm
385 2837 445 2882 mini
461 2837 555 2883 uidetur
569 2851 649 2882 rerunt
660 2843 747 2883 natura
787 2838 865 2893 rendi,
881 2844 904 2882 et
920 2851 962 2898 pro
977 2835 1021 2883 boc
1036 2836 1124 2884 diuum
1142 2839 1214 2902 accipi
1229 2855 1304 2903 posse.

232 2905 317 2950 nostris
336 2901 475 2962 temporibus
494 2901 580 2956 tulisse,
601 2908 628 2948 at
645 2901 747 2948 ostende·
789 2899 861 2947 Bene.
896 2899 993 2948 Interim
1008 2901 1117 2949 omnibus
1132 2902 1157 2948 in
1171 2902 1236 2962 locis,
1249 2921 1271 2952 v.
1283 2920 1303 2952 c.

232 2974 276 3025 ret,
287 2981 328 3013 suec
339 2967 408 3012 illum
418 2980 432 3011 a
443 2966 505 3012 nobis
516 2967 644 3026 cmrampt,
655 2979 696 3011 aec
706 2978 748 3012 nos
790 2962 860 3023 Livii,
877 2965 918 3012 ubi
928 2963 982 3012 libri
992 2965 1089 3020 emunt,
1105 2965 1242 3030 intelligitur
1252 2983 1304 3030 ‚non

232 3031 338 3085 (omnino
352 3029 432 3085 scribo,
449 3037 472 3078 et
487 3043 546 3085 noes
565 3029 597 3076 ita
613 3029 675 3076 enim
695 3043 749 3077 con·
789 3043 866 3076 merus
885 3038 988 3092 questus,
1008 3038 1035 3077 ut
1052 3030 1077 3077 h.
1097 3029 1112 3077 l.
1132 3031 1172 3078 sed
1189 3033 1231 3097 qui
1250 3048 1305 3080 cum

234 3093 313 3150 cludit,
332 3109 360 3141 ne
379 3101 422 3140 aut
442 3096 573 3156 exemplum
595 3095 685 3150 saeculo,
707 3100 749 3140 aut
788 3093 889 3140 clamore
904 3095 1094 3154 conjunctussit,
1111 3103 1204 3144 etcum
1221 3097 1306 3160 implo-

234 3156 465 3218 convics'amdeesset)
478 3160 656 3219 abillocorripi
666 3172 749 3218 posses
790 3157 877 3205 ratione
894 3158 982 3205 auxilii.
1016 3158 1046 3206 In
1062 3159 1103 3207 illo
1120 3159 1171 3222 ipso
1186 3162 1237 3209 loco
1254 3162 1305 3209 Pli.

235 3227 314 3270 virum
333 3228 419 3270 eaactae
442 3224 506 3286 (licet
524 3229 592 3284 neget
607 3224 665 3284 lpse)
687 3224 749 3284 sapi--
790 3221 824 3268 nii
839 3224 1006 3282 quiritantibus
1020 3225 1089 3270 sociis
1104 3238 1151 3272 non
1165 3235 1200 3273 est
1215 3225 1312 3290 simpli».

235 3286 314 3348 entia,
323 3291 448 3349 firmaeque
465 3289 491 3334 in
504 3288 541 3334 bis
553 3303 604 3350 quoe
611 3288 748 3349 preposuit,
791 3286 846 3333 citer
873 3289 1019 3348 querentibus
1045 3290 1122 3344 maiis,
1150 3290 1307 3354 (quamquam

236 3355 377 3400 constantia.
410 3351 443 3400 Et
460 3351 536 3418 Epist.
554 3352 594 3400 63.
615 3352 679 3414 (62.)
701 3354 750 3398 De·
792 3366 853 3414 saepe
866 3351 929 3414 apud
942 3349 1077 3400 Ciceronem
1093 3362 1116 3401 et
1130 3353 1226 3402 Livium
1239 3351 1307 3418 queri

237 3418 465 3464 mariumuirouam
476 3417 590 3478 optimum
603 3430 693 3463 nucum
704 3418 751 3462 cir-
791 3417 849 3462 socii
875 3415 992 3475 dicuntur,
1018 3417 1063 3464 boc
1086 3426 1128 3477 est,
1156 3418 1250 3482 injurias
1277 3419 1308 3467 ad

237 3483 348 3545 camfiro,
369 3483 497 3530 atrebatis
518 3482 676 3541 conchyliatis,
698 3495 751 3527 cam
792 3479 904 3528 Senatum
941 3481 1105 3546 Populumque
1138 3482 1234 3543 deferre)
1267 3483 1309 3532 sed

237 3548 277 3592 illo
298 3548 418 3594 seminudo
439 3547 527 3609 lunam,
548 3547 615 3592 illum
637 3546 750 3592 admiror.
784 3545 863 3608 fldem
878 3547 938 3606 Pop.
955 3547 1025 3593 Rosa.
1042 3548 1228 3608 implorantibus,
1245 3549 1309 3612 quod

238 3610 293 3658 Vox
315 3612 366 3672 ejus
386 3611 466 3674 magni
484 3611 557 3658 animi
576 3609 605 3657 ad
625 3611 751 3665 Neronem,
793 3609 801 3655 i
829 3624 872 3656 um
889 3625 949 3673 sepe
967 3611 1030 3673 apud
1049 3611 1183 3659 Ciceronem
1200 3612 1309 3661 dicnunrr

239 3674 337 3729 ἀπειλεῖς
348 3693 383 3730 μοι
395 3677 495 3720 θάνατον·
509 3675 540 3722 col
554 3674 569 3720 δ’
582 3678 592 3729 ἡ
606 3675 680 3735 φύσις,
689 3673 753 3736 apud
803 3688 875 3727 were,
889 3672 946 3721 itan
960 3674 1083 3738 confugere
1101 3675 1131 3723 ad
1150 3675 1221 3724 fidem
1238 3677 1263 3726 S·
1278 3679 1307 3725 P.

238 3738 400 3794 Arrianuml,
413 3740 452 3786 25.
486 3739 560 3787 lues.
794 3737 826 3795 Q.
844 3737 875 3784 R.
911 3739 984 3802 Atqui
999 3740 1052 3786 talis
1067 3739 1199 3803 imploratio
1214 3740 1269 3789 fidei
1286 3752 1309 3790 et

160 3825 162 3832 ·
272 3805 307 3850 Et
317 3805 408 3865 erudita,
421 3805 442 3851 sl
453 3803 510 3868 qua]
528 3803 601 3852 MSS.
619 3803 681 3850 Flor.
692 3803 753 3864 Agr.
794 3801 953 3849 assilitur
973 3802 1072 3866 intelligi
1090 3819 1137 3851 uon
1159 3801 1242 3868 potest,
1264 3807 1310 3854 nisi

239 3867 326 3932 (Bud.)
343 3868 378 3916 ed.
395 3883 431 3932 pr.
447 3870 544 3916 auditis.
575 3867 666 3914 Eodem
680 3866 754 3928 vergit
793 3865 860 3923 forte,
884 3881 938 3928 qua
959 3867 1042 3914 usitata
1064 3867 1106 3914 illa
1132 3868 1234 3917 formula
1260 3871 1311 3931 fiat,

140 3973 146 3982 .
241 3931 322 3980 Guelf.
339 3934 442 3980 auditus.
464 3932 685 3982 Praetereamus
708 3927 759 3978 sm
790 3931 852 3991 prob
879 3931 958 3976 Deam
983 3937 1051 3992 atque
1071 3933 1193 3980 bominum
1209 3937 1318 3996 fldem!

239 3997 310 4060 spicio
321 4005 399 4045 tamen
414 4005 555 4060 essepotest,
572 4001 597 4044 τὸ
609 4012 620 4042 s
633 3994 754 4043 adhaesisse
795 3993 896 4053 Deinde,
918 3995 938 4041 si
959 3996 1051 4042 nullum
1072 3995 1131 4044 illud
1150 4000 1247 4046 verbum
1266 4009 1310 4058 est,

240 4070 372 4124 esequente
385 4065 413 4120 sl,
430 4071 499 4124 atque
512 4060 567 4108 inde
581 4061 668 4106 eruditis
679 4068 701 4106 et
711 4074 753 4104 aa·
794 4058 834 4122 qui
846 4058 880 4118 lit,
901 4058 1025 4106 utlibrarii
1040 4068 1089 4108 tam
1103 4061 1173 4108 multi
1189 4071 1237 4110 tam
1248 4079 1310 4128 sape

240 4126 305 4172 dinsa
324 4123 413 4172 iratum.
447 4126 517 4172 blau.
551 4125 649 4170 Auditi-s
672 4124 754 4186 probat
794 4123 909 4186 variisque
919 4123 942 4170 iu
954 4122 1009 4171 locis
1019 4125 1146 4174 dederint?
1174 4126 1239 4174 Nam
1253 4129 1310 4177 alie-

241 4188 341 4237 Lallem.
374 4190 461 4252 Recepi
471 4204 525 4236 curn
537 4189 631 4250 Bipont.
793 4202 852 4234 uum
884 4190 980 4236 verbum
1012 4189 1119 4250 substitui
1152 4188 1308 4256 frequentissi-

274 4256 359 4314 Igitur
371 4258 456 4316 flentcs
477 4249 675 4315 queritantesque]
693 4251 753 4299 Om-
793 4267 870 4308 mum,
887 4252 927 4300 sed
940 4255 1036 4302 verbum
1047 4255 1142 4302 tamen.'
1166 4255 1309 4320 Deniqucin

241 4332 281 4366 nes
306 4318 384 4382 scripti
406 4328 428 4365 et
449 4316 502 4364 edd.
524 4325 578 4364 vett.
604 4318 752 4377 quaeritantes,
793 4316 843 4363 aliis
857 4316 914 4364 locis
924 4317 1013 4364 variant
1029 4328 1105 4366 nmen
1121 4320 1198 4369 MSS.
1211 4330 1238 4377 „et
1254 4331 1310 4370 vett.

241 4382 284 4429 nisi
295 4383 356 4447 quod
364 4382 482 4440 nonnulli,
495 4391 521 4428 ut
532 4381 566 4428 ed.
580 4397 614 4444 pr.
628 4381 681 4427 its.
693 4380 753 4442 Agr.
793 4380 844 4427 edd.
866 4390 890 4428 at
914 4381 951 4428 hic
975 4383 1126 4431 consentiunt.
1161 4383 1242 4447 igitur,
1267 4387 1309 4434 etsi
