3042 4950
214 222 367 300 naas]
583 218 662 279 arn.
685 216 750 278 xv.
772 216 864 276 car.
884 218 934 279 u.
1216 205 1274 271 aar
1326 222 1329 229 ·

214 384 404 473 capitolium.
448 382 519 465 ¹Illic
539 393 701 445 veneratus
722 382 819 459 Deos,
835 384 910 444 'cum
932 382 1034 444 Vestae
1053 398 1179 464 quoque
1199 388 1276 471 tem·

214 472 304 559 plum
317 470 433 547 inisset,
449 481 575 553 repente
589 480 716 530 cunctos
737 489 794 553 per
814 479 901 529 artus
915 468 1059 540 tremens,
1080 486 1135 559 seu
1149 481 1275 553 numme

214 568 396 631 exterrente,
420 576 475 617 seu
489 551 660 616 facinorum
682 549 892 615 recordatione
912 570 1073 635 nunquam
1095 561 1204 610 timore
1222 567 1276 608 va·

218 663 306 717 cuus,
321 637 458 703 deseruit
471 637 539 701 inee
562 651 639 714 tum,
657 642 678 674 “
694 649 821 700 cunctas
831 634 889 699 sibi
903 656 993 699 curas
1002 630 1225 779 amorepatriae
1235 628 1278 691 le·

216 725 332 789 viorea”
344 722 497 788 dictitans.
514 660 666 786 albidisae
676 719 791 784 civium
802 731 927 784 moestos
937 717 1054 795 vultus,
1062 739 1102 779 au
1126 715 1279 779 ireseere·
1350 731 1354 737 ⁴

217 824 264 875 tas
286 808 505 895 querimonias,
525 806 611 894 quod
635 819 758 870 tantum
779 804 921 869 aditurus
940 817 1019 867 esset
1038 803 1108 880 iter,
1127 801 1218 887 cujus
1240 821 1279 863 ne

219 894 355 959 modicos
370 892 497 980 quidem
519 914 660 979 egressus
681 888 858 967 tolerarent,
878 890 958 954 sueti
972 889 1136 953 adversum
1150 884 1281 981 fortuita

220 980 369 1065 adspectu
387 976 540 1063 Principis
554 974 693 1039 refoveri.
730 976 830 1061 Ergo,
846 975 927 1041 utin
941 974 1069 1060 privatis
1083 970 1281 1037 necessitudi-

223 1064 316 1128 nibus
337 1063 480 1150 proxima
493 1062 624 1209 piffiwm
638 1060 851 1147 praevalerent,
865 1060 910 1123 ita
923 1060 1084 1147 Populum
1100 1058 1281 1122 Romanum

221 1150 286 1215 vim
301 1147 468 1234 plurimam
482 1146 524 1209 ba
562 1168 606 1223 re,
622 1144 858 1231 parendumque
877 1145 1051 1209 retinenti.’'
1094 1146 1174 1207 Haec
1188 1154 1282 1227 atque
1382 1154 1390 1159 ·

222 1233 296 1298 talia
310 1231 395 1317 plebi
416 1230 550 1294 volentia
564 1230 660 1307 fuere,
676 1228 873 1315 voluptatum
888 1229 1045 1316 cupidine,
1060 1242 1102 1305 et,
1117 1249 1189 1313 quae
1203 1248 1283 1311 prae-

220 1319 313 1405 cipua
326 1338 402 1380 eura
412 1328 469 1392 est,
484 1315 526 1378 rei
542 1314 754 1379 frumentariae
765 1314 933 1401 angustias,
949 1313 973 1377 si
982 1315 1112 1388 abesset,
1121 1309 1280 1374 metuenti.

223 1405 356 1467 Senatus
370 1413 401 1465 et
415 1398 564 1487 primores
578 1399 610 1463 in
624 1401 742 1465 inserto
755 1412 854 1478 erant,
869 1397 978 1485 procul
987 1422 1027 1463 an
1035 1418 1139 1461 eoram
1152 1395 1284 1459 atrocior

221 1486 405 1551 haberetur:
428 1484 551 1559 dehinc,
574 1506 647 1570 quae
670 1500 784 1549 natura
806 1484 928 1571 magnis
952 1481 1124 1559 timoribus,
1149 1479 1286 1544 deterius

222 1570 399 1647 credebant,
414 1569 501 1655 quod
514 1582 666 1637 evenerat.
1051 1612 1054 1618 ·
1148 1608 1159 1626 .

268 1654 461 1720 XXXVII.
484 1654 566 1741 lpse,
602 1677 644 1718 uo
657 1655 751 1719 fidem
766 1654 954 1740 adquireret,
976 1652 1053 1718 nihil
1068 1674 1201 1740 usquam
1215 1674 1286 1738 per-

225 1741 299 1805 inde
312 1739 421 1803 laetum
435 1738 503 1817 sibi,
524 1739 591 1826 pub
605 1740 657 1803 'ois
671 1739 745 1803 loeis
759 1754 877 1803 struere
891 1738 1042 1817 convivia,
1063 1751 1097 1803 to
1151 1759 1191 1801 ue
1207 1737 1286 1800 urbe

226 1824 315 1913 quasi
328 1824 422 1887 domo
436 1822 493 1888 uti.
537 1826 582 1889 Et
596 1824 803 1889 celeberrimae
817 1824 897 1887 luxu
911 1824 1057 1910 famaque
1071 1846 1132 1910 epu
1145 1847 1173 1887 ae
1186 1822 1285 1897 fuere,
1321 1898 1325 1908 Ι

225 1932 304 1997 quas
326 1932 345 1972 a
368 1907 526 1995 Tigellino
543 1920 676 1995 paratas,
700 1924 738 1973 ut
756 1908 933 1995 exemplum
953 1910 1094 1985 referam,
1115 1932 1154 1972 ne
1175 1908 1289 1994 saepius

229 1994 337 2060 eadem
358 1992 555 2080 prodigentia
575 1994 730 2058 narranda
752 1994 800 2057 sit.
846 1994 951 2079 Igitur
963 1995 996 2057 in
1012 2007 1121 2079 siagrio
1135 1993 1288 2079 Agrippae

226 2079 397 2143 fabricatus
407 2092 454 2142 est
462 2079 627 2155 ratem,cui
637 2080 863 2165 superpositum
870 2078 1181 2143 conviviumaliarum
1188 2089 1289 2142 traetu

227 2163 353 2228 navium
369 2175 557 2228 moveretur:
575 2186 667 2228 naves
677 2186 754 2227 auro
769 2176 801 2229 et
813 2165 906 2229 ebore
914 2164 1080 2229 distinetae:
1096 2162 1290 2249 remigesque

262 2338 317 2385 Illic
333 2343 456 2385 aenernlur
472 2337 547 2411 Deae]
564 2335 603 2384 Sic
614 2336 668 2385 MS.
680 2334 743 2383 Flor.
776 2338 838 2385 nilrll
847 2352 945 2397 urquam
951 2339 1110 2400 periculorum
1120 2338 1172 2392 rili,
1184 2338 1251 2385 loetur
1263 2351 1290 2397 p.

228 2401 265 2449 ed.
285 2417 321 2464 pr.
338 2401 410 2449 etsie
428 2401 501 2449 edidit
518 2400 626 2448 Prehena
660 2399 744 2459 Ceteri,
777 2404 847 2450 ieta.
881 2402 982 2465 Sedipse
992 2401 1056 2465 vulg.
1067 2410 1136 2450 tenet.

231 2474 387 2513 veneraturos.
421 2465 476 2514 MS.
489 2464 568 2514 Gueli.
586 2470 745 2513 veneraturus.
812 2467 1209 2530 Pullieirloeiartruereeonvioiu]
1228 2465 1292 2514 Suet.

231 2528 296 2576 Illud
318 2529 412 2592 quidem
436 2529 496 2591 (scil.
515 2527 648 2592 vulgatum)
667 2543 747 2576 sursus
777 2531 817 2585 27.
859 2533 1032 2592 Geniumque
1047 2545 1214 2592 nonnunquam
1228 2538 1252 2577 et
1267 2534 1294 2577 in

270 2593 332 2641 uirit.
365 2593 436 2640 Ena.
468 2593 586 2642 Buanon
603 2594 673 2642 habet
689 2593 746 2648 illic,
773 2597 875 2658 publico,
887 2594 1166 2658 Nuumueltluproeeluen‚
1179 2597 1295 2643 velMar.

279 2658 340 2704 adiit
350 2659 399 2718 rap.
411 2663 564 2704 oneratum:
574 2659 644 2704 Deae.
778 2661 813 2708 rio
826 2661 919 2721 Campo,
931 2661 968 2707 uel
979 2661 1051 2708 Circo
1066 2661 1186 2707 Marinio.
1219 2660 1294 2709 irrrs.

267 2721 450 2785 Pleliuolentia]
467 2719 667 2770 stortisarius.
684 2719 746 2769 Bud.
779 2723 866 2772 Moru
880 2725 934 2785 rig.
977 2739 998 2771 r.
1009 2723 1064 2771 MS.
1075 2723 1138 2771 Flor.
1150 2724 1184 2771 ed.
1196 2737 1232 2784 pr.
1243 2740 1296 2788 quae

232 2783 431 2848 (emmanueli
440 2784 747 2848 eddrettnisiquodvitlo,
778 2802 832 2835 vere
846 2787 928 2835 lertio:
963 2787 1001 2835 'no
1018 2787 1106 2834 buum
1122 2789 1190 2849 quari
1204 2789 1259 2848 reg.
1270 2790 1296 2837 in

233 2857 260 2896 ut
270 2847 360 2912 opinor,
467 2848 749 2897 minearuanema-
780 2851 836 2899 MS.
848 2850 927 2899 Gaetu
941 2850 1126 2910 (Bud.al.m.)
1137 2851 1189 2899 edd.
1205 2853 1296 2901 Puteol.

232 2914 322 2960 lentim
340 2912 382 2966 (sie
415 2911 456 2959 ud.
467 2927 482 2959 a
492 2911 508 2958 l.
520 2915 564 2971 m.)
577 2912 636 2960 illud
650 2912 750 2961 restituit
780 2914 835 2964 Ber.
843 2915 894 2962 Ale.
903 2913 1108 2964 undenonsetione
1117 2915 1296 2980 iibensnemnr,

233 2978 292 3024 bene
304 2975 506 3024 Piehenrillustra
532 2975 703 3040 uelipsiusad
716 2975 750 3022 Η.
780 2994 838 3040 quer
850 2980 974 3041 Tigellino.
989 2979 1065 3027 Vetus
1075 2979 1174 3027 restituit
1182 2980 1295 3030 Piehenaz

234 3041 259 3100 3,
271 3043 311 3088 52.
343 3040 472 3088 Rhenanus
512 3039 583 3088 'erat
598 3041 751 3102 eeonjeetura
780 3042 1182 3107 asennaeuminmargmyph.
1206 3045 1299 3094 Deinde

235 3105 328 3162 arbuti,
339 3104 402 3167 quod
412 3103 511 3168 elegans,
522 3111 545 3151 et
553 3104 630 3151 Taciti
638 3104 750 3152 stilooon·
781 3109 912 3170 exemplum
928 3108 1030 3171 reseram
1041 3107 1097 3157 MS.
1113 3107 1150 3154 Fl.
1167 3109 1203 3156 erl.
1220 3111 1297 3158 Rben.
1378 3144 1383 3155 .

235 3167 334 3223 veniens,
345 3167 365 3215 si
375 3184 389 3216 a
399 3167 463 3216 libris
473 3167 562 3230 scriptis
572 3175 638 3227 esset,
650 3168 751 3216 illustre·
782 3186 845 3236 seqq.
857 3170 902 3219 nisi
913 3171 976 3235 quod
986 3173 1095 3220 Bernerr.
1107 3171 1180 3220 Gran.
1194 3174 1300 3236 Ryelrius

235 3231 752 3358 {maturarimus
782 3235 1300 3363 inlitteratum

237 3328 290 3408 derb
311 3360 419 3408 Tacitum
434 3375 523 3424 rernper
538 3360 618 3408 eodem
633 3361 703 3408 modo
717 3361 753 3408 lo·
782 3315 1023 3426 ammam,-
1035 3359 1106 3412 ‘nnde
1118 3368 1242 3430 'camales
1259 3382 1301 3415 ns·

238 3423 286 3486 qui.
304 3425 667 3488 Vokntirsuntgntujueundn
680 3424 752 3472 Ean.
784 3437 844 3476 tum
877 3429 949 3476 Eure.

238 3487 467 3552 Groeebmuaquem
479 3489 754 3552 Rhenraquirebntoa-
817 3493 951 3556 Famaque]
979 3491 1037 3542 Cori.
1060 3491 1118 3556 Agr.
1140 3496 1301 3559 infamiaque:

238 3551 309 3599 aurrit
321 3552 342 3610 1,
353 3555 391 3601 59.
405 3552 438 3599 H.
451 3554 523 3606 243.
530 3553 590 3615 Agr.
602 3553 638 3601 la
649 3553 755 3615 placabat
785 3557 869 3621 glossa.

238 3613 370 3663 etlierreto
396 3617 435 3664 Sic
449 3616 576 3664 etSallir.
588 3616 641 3667 hist.
653 3622 676 3664 4.
709 3619 754 3665 Va-
818 3624 851 3669 In
871 3620 1195 3688 rugnorigrippoe10ujas
1215 3625 1303 3674 mendo

239 3681 310 3726 untia
318 3681 504 3742 plelifireturur.
602 3706 606 3710 ·
787 3685 911 3745 Straboni;
927 3686 1030 3750 itemque
1040 3688 1147 3746 nenoris,
1158 3688 1188 3735 de
1198 3705 1246 3753 quo
1255 3690 1302 3748 bie,

273 3745 348 3791 Nilil
368 3760 465 3805 usquam
482 3746 582 3808 perinde
600 3747 680 3793 Mum
697 3747 754 3810 silli]
786 3748 803 3797 l.
818 3750 1064 3814 lapsantem
1140 3751 1305 3801 :munuli

239 3807 304 3856 Mihi
310 3807 354 3856 hoc
360 3808 428 3856 lueet
443 3809 591 3858 Vertranium
600 3811 677 3870 malle,
687 3810 755 3874 (item
787 3815 1070 3877 prrivryrrr’nvplrnner
1082 3818 1235 3866 πεπτωκότα
1247 3821 1305 3865 λέον·

241 3871 755 3936 Faernumluililusquumperr'eulorumrili,
788 3896 825 3932 ra,
843 3880 957 3925 Λυσίππου
976 3877 1042 3940 ἔργον.
1062 3879 1174 3939 staulinus
1193 3881 1215 3927 rt
1230 3883 1249 3926 la
1271 3884 1306 3940 afqi

241 3935 370 3998 insipientia
380 3944 420 3984 est
450 3937 518 3986 Clare
526 3938 569 3985 boc
580 3938 628 3985 nit:
641 3937 756 3996 Neruuti
788 3936 854 3989 aileu
866 3943 901 3999 τῷ
909 3941 996 4003 perrel
1007 3945 1048 3996 τῆς
1058 3945 1136 3997 λίμνης
1147 3942 1183 3989 κα)
1196 3948 1234 3992 τοῦ
1245 3948 1306 4011 Εὗρί·

242 3999 315 4062 reipsa
326 4000 460 4060 mundaret,
471 4002 564 4050 nullum
570 4001 698 4050 sibilorum
709 4018 757 4065 praa
778 4021 835 4053 roa.
869 4005 1020 4061 Ammianus,
1036 4014 1101 4070 puto,
1117 4007 1179 4056 idem
1191 4008 1306 4058 intellexit

243 4063 393 4112 Romame
411 4066 633 4128 stmxitinpublioo
643 4067 755 4126 sandrin
789 4070 828 4123 29.
844 4071 868 4117 6.
900 4073 970 4118 Inter
989 4087 1040 4132 qun
1054 4074 1174 4132 porticum
1192 4076 1306 4123 anderru

243 4133 286 4172 ete.
311 4126 384 4176 lans.
412 4129 508 4178 Codices
518 4130 666 4178 hieturbant.
694 4130 757 4179 mor.
789 4135 907 4196 ingentem
922 4136 1015 4182 uerno
1030 4137 1147 4199 Agrippae
1163 4139 1308 4199 contigium,

244 4190 319 4240 bruun
330 4193 391 4239 lacis.
404 4193 569 4256 Budperinrle
580 4195 655 4242 mm
663 4195 706 4242 sili
718 4197 757 4242 lee-
791 4200 855 4245 Boni
864 4199 973 4247 Eventus
983 4202 1124 4260 cognomine.
1157 4198 1231 4250 ers.
1243 4199 1246 4204 ’

244 4256 367 4316 lumpull.
378 4257 450 4304 loeis.-
462 4257 515 4307 inde
526 4256 755 4320 Rhen.oonjertura;
824 4263 935 4310 Aliorum
957 4270 1035 4311 tractu
1053 4261 1163 4329 muna]
1181 4265 1220 4314 stc
1238 4276 1309 4333 atque
