3042 4950
195 275 250 337 ua
601 271 827 334 munuum
1077 273 1254 352 [n.u.810.

191 433 282 524 quasi
291 434 365 522 jure
378 433 479 509 civili3
502 452 566 498 non
580 436 645 501 sine
658 436 788 501 infamia
801 433 963 522 Principis,
979 437 1069 524 cujus
1081 437 1173 524 jussu
1186 435 1257 525 perl

192 534 350 609 patratum
363 521 395 584 in
435 519 564 584 unitatis
575 519 732 608 judicium
745 535 820 586 erat.

245 542 436 670 XXVIIi.e
450 604 602 670 Manebat
631 607 830 671 nihilominus
858 601 1003 692 quaedam
1031 606 1134 694 imago
1160 605 1254 704 Reip.

193 690 281 756 Nam
299 690 380 753 inter
394 688 573 756 Vibullium
595 694 767 757 Praetorem
787 703 818 756 et
837 691 939 779 plebei
961 691 1143 758 Tribunum
1162 691 1256 754 Antr-

193 777 290 841 stium
305 788 410 839 ortum
424 788 590 857 certamen,
631 775 696 842 uod
703 778 893 842 inmodestos
906 777 1044 842 fautores
1057 777 1253 854 histrionum,

194 870 226 926 et
240 882 259 925 a
274 863 414 926 Praetore
426 862 460 925 in
473 861 598 928 vincula
609 801 737 942 (ductos,
753 863 919 928 Tribunus
930 870 952 902 “
967 862 1086 927 omitti'
1104 861 1254 948 jussisset.
1304 868 1310 880 '

194 946 447 1096 Comppobavere
468 950 589 1023 Patres,
611 948 752 1012 incusata
774 955 796 986 “
820 948 951 1013 Antistii
971 947 1094 1012 licentia
1104 949 1131 1010 :”
1162 944 1254 1009 simul

193 1031 284 1118 probi
307 1030 496 1112 itiTribuni,
508 1039 531 1071 “
543 1033 781 1120 jusPraetorum
792 1033 1003 1098 etCousulum
1036 1032 1106 1096 raeri
1146 1055 1189 1108 re,
1202 1043 1258 1096 aut

193 1126 304 1181 vocare
320 1139 361 1180 ex
382 1115 484 1196 Italia,
504 1139 578 1181 cum
597 1118 713 1204 quibus
731 1117 800 1204 lege
819 1119 870 1205 agi
889 1129 1001 1203 posset.
1062 1117 1095 1182 A
1119 1116 1200 1181 didit
1214 1119 1255 1181 L.

193 1201 279 1279 Piso,
294 1201 476 1288 designatus
489 1202 617 1281 Consul,
630 1211 703 1266 “ne
713 1203 792 1289 quid
802 1203 1022 1267 iutradomum
1033 1225 1091 1288 pro
1105 1213 1257 1288 potestate

192 1286 492 1351 animadverterent:
516 1309 594 1351 neve
608 1286 740 1352 multam
753 1288 795 1351 ab
809 1288 846 1352 iis
860 1287 975 1352 dictam
986 1290 1167 1360 Quaestorcs
1181 1305 1257 1349 aera*

193 1371 232 1435 rii
246 1371 280 1434 in
293 1369 434 1456 publicas
448 1371 570 1436 tabulas
586 1385 659 1437 autc
672 1385 809 1460 quatuor
822 1394 942 1437 menses
962 1373 1132 1436 referrent:
1154 1370 1257 1433 medio

195 1456 343 1553 temporis
356 1470 465 1520 contra
478 1456 580 1520 dicere
589 1456 695 1522 liceret
706 1483 715 1533 ;
732 1457 836 1545 deque
845 1482 882 1522 eo
894 1457 1045 1522 Consules
1059 1457 1257 1542 statuerent?

197 1541 344 1606 Cohrbita
361 1541 477 1605 arctius
490 1552 522 1606 et
541 1541 696 1611 AEdilium
710 1554 858 1630 potestas,
874 1555 1100 1629 statutumque,
1118 1548 1137 1579 “
1157 1563 1256 1627 quan-

148 1656 153 1665 ,
193 1640 263 1691 tum
276 1627 411 1705 curules,
447 1640 578 1691 uantum
593 1627 695 1728 plebei
705 1629 847 1728 pignoris
860 1642 1015 1715 caperent,
1032 1627 1080 1691 vel
1094 1641 1196 1712 poenae
1209 1627 1257 1712 in7
1323 1638 1328 1650 ’

192 1713 367 1798 mgarent.”
411 1651 464 1777 El>
479 1713 648 1776 Helvidius
657 1716 796 1792 Fuscus,
806 1714 971 1778 Tribunus
984 1710 1093 1800 plebis,
1108 1712 1257 1775 adversus

192 1796 416 1864 Obultronium
431 1798 591 1875 Sabinum,
614 1797 715 1862 aerarii
729 1801 935 1878 Quaestorem,
956 1799 1167 1864 contentiones
1184 1819 1256 1882 pro-

191 1882 277 1970 prias
288 1881 439 1961 exercuit,
463 1890 484 1921 “
504 1894 666 1980 tamqum
681 1883 737 1970 jus
753 1884 852 1948 hastae
870 1884 1020 1949 adversus
1036 1883 1143 1969 inopes
1163 1881 1255 1945 incle-
1315 1879 1317 1888 ‘

192 1981 314 2033 menter
326 1969 485 2053 augeret?
527 1969 611 2032 Deru
625 1968 776 2056 Princeps
797 1991 905 2034 curam
924 1970 1101 2036 tabularum
1116 1966 1256 2054 publica-

193 2063 266 2118 rum
280 2077 300 2116 a
313 2053 529 2130 Quaestoubus
538 2053 580 2116 ad
594 2054 763 2118 Praefectos
777 2055 942 2120 transtulit.

234 2138 377 2202 XXIX.
402 2137 493 2202 Varie
514 2137 621 2202 habita
641 2162 678 2202 ac
699 2161 782 2225 saepe
802 2140 958 2203 inmutata
978 2139 1047 2224 ejus
1067 2138 1112 2201 rei
1133 2138 1252 2202 forma:

191 2242 266 2288 nam
286 2224 456 2308 Augustus
476 2222 617 2308 permisit
639 2224 778 2302 Senatui,
802 2223 862 2288 deli
919 2247 936 2286 e
958 2223 1143 2287 Praefectos:
1170 2222 1253 2299 dein,

192 2307 315 2372 ambitu
334 2307 554 2394 suffragiorum
576 2323 729 2394 suspecto,
753 2322 834 2372 sorte
855 2245 1051 2376 ddiebantur
1070 2331 1109 2371 ex
1125 2329 1255 2370 numero

193 2392 382 2471 Praetoruin,
408 2392 465 2479 qui
488 2406 675 2480 praeessent:
699 2416 802 2481 neque
817 2393 852 2458 id
873 2393 929 2458 diu
949 2394 1072 2468 mansit,
1095 2392 1170 2479 quia
1192 2415 1256 2455 sors

191 2478 355 2543 deerrabat
378 2478 420 2542 ad
448 2502 561 2575 parum
586 2479 722 2544 idoneos.
780 2482 875 2543 Tunc
898 2479 1050 2543 Claudius
1076 2480 1256 2549 Quaestorcs

194 2585 321 2627 rursum
338 2563 487 2649 inposuit,
506 2564 616 2649 iisque,
634 2588 674 2628 ne
687 2578 775 2629 metu
789 2565 994 2627 offensionum
1010 2587 1041 2627 se
1087 2564 1134 2626 ‘us
1148 2584 1257 2625 consu-

189 2648 298 2729 lerent,
320 2659 411 2712 extra
431 2648 573 2713 ordinem
597 2649 729 2713 honores
750 2649 898 2735 permisit.
946 2648 1008 2713 Sed
1056 2661 1140 2712 cerat
1157 2648 1255 2711 robur

237 2884 379 2948 ausurum]
395 2884 461 2933 vett
477 2880 529 2932 edd.
546 2898 627 2931 omnes
641 2884 717 2934 Βῶκ-
743 2886 808 2944 bent,
820 2898 862 2932 nec
872 2884 938 2933 omni
950 2893 1054 2947 tempore
1069 2882 1207 2940 habuerunt,
1225 2880 1258 2929 ita

198 2950 278 2996 bum.-
296 2946 411 2995 sedidem
424 2962 509 2997 nomen
524 2955 566 2996 cst.
597 2948 659 2996 Mox
670 2954 718 2996 eta
744 2962 787 2996 nec
798 2948 937 3009 Quaestores.
955 2946 1258 3012 Itaquediscriminisoaus.

201 3010 399 3060 Praetoreomnes
409 3012 461 3060 edd.
495 3012 540 3060 Sed
556 3013 582 3058 rt
598 3020 621 3060 ct
636 3026 718 3075 super-
744 3013 885 3061 sasicdicti.
919 3014 989 3061 Enu.
1211 3067 1214 3072 ,

199 3074 390 3189 Ἂυωὶᾳιιὶῐοά
400 3085 449 3125 eta
463 3074 521 3124 MS.
534 3092 571 3139 ap.
583 3074 717 3125 Broten'um
745 3148 756 3189 t
778 3078 862 3125 Medio
879 3079 1003 3190 tgrppprsss]
1019 3076 1058 3126 Sic
1069 3076 1124 3125 ,cod-
1136 3074 1200 3124 Bud.
1218 3072 1258 3121 alii

330 3152 348 3185 R
370 3172 378 3186 Ι
694 3171 696 3175 ’
848 3174 854 3187 1
921 3174 927 3187 0
1016 3173 1023 3189 0

200 3156 419 3266 aCornprotuoere
437 3204 538 3269 Patren]
560 3204 610 3253 Int.
629 3205 717 3253 Praeto-
756 3155 976 3317 emEpoorlIelvtdtusE
987 3158 1027 3255 blo
1042 3204 1096 3253 libri
1112 3219 1199 3255 omnes.
1233 3200 1259 3249 J.

197 3268 343 3323 ris-factm,
365 3282 413 3315 non
433 3266 542 3326 Tribuni,
561 3277 590 3317 nt
608 3268 717 3316 Muretus
746 3270 787 3318 rr.
805 3270 878 3318 Gron.
896 3277 952 3319 etv
976 3272 1035 3318 ebat
1075 3268 1153 3317 Recta.
1198 3266 1259 3315 Mox

198 3332 281 3392 voluit,
300 3332 417 3395 corrigens
433 3341 527 3393 propter
547 3348 575 3381 ea
596 3347 642 3380 uon
693 3346 718 3379 o·
747 3335 915 3382 Obultronium
931 3334 1003 3383 MSS.
1021 3333 1085 3381 Flor.
1101 3330 1165 3380 Bud.
1180 3331 1259 3378 Guelf.

199 3396 288 3452 bevere,
307 3396 372 3458 quod
393 3394 469 3458 placet
489 3397 602 3446 Brotcrio.
668 3408 716 3444 nu.
748 3400 842 3446 Oblata
884 3398 921 3445 At
942 3396 994 3445 edd.
1022 3404 1077 3445 vett.
1103 3411 1184 3444 omncs
1206 3402 1260 3445 ante

198 3458 261 3508 Item
282 3458 377 3508 Ursino
421 3458 491 3507 Acid.
513 3460 605 3508 volebat
626 3474 717 3521 compo-
745 3462 823 3509 Rhen
841 3462 993 3509 Otutrontue.
1032 3460 1085 3509 Jac.
1105 3460 1177 3509 Gron.
1193 3466 1261 3523 putat

197 3535 274 3583 tuere,
288 3522 351 3586 quod
362 3536 409 3570 non
420 3524 490 3587 plane
501 3523 607 3585 displicet
616 3524 717 3572 bellem.
746 3542 827 3573 verum
839 3541 888 3574 asse
898 3528 1041 3575 Autronius.
1074 3524 1147 3574 ΕΒΗ.

198 3587 297 3647 Verum,
313 3594 402 3650 puncto
415 3595 470 3634 ante
487 3588 661 3649 comprobavere
674 3602 716 3651 po-
784 3592 856 3637 Varte
878 3591 965 3650 hatita,
988 3606 1016 3637 ac
1042 3606 1101 3651 sape
1121 3588 1259 3651 immutata]

197 3652 248 3709 tiu,
259 3651 294 3699 nil
303 3649 451 3698 mutandum.
746 3652 827 3713 Quam
838 3655 970 3703 varietatem
981 3654 1080 3702 breviter
1090 3652 1194 3715 exposui,
1205 3666 1260 3698 cum

236 3716 360 3765 Prosunt
391 3714 505 3779 Trtmnt]
534 3715 589 3763 Non
622 3715 717 3764 mirum.
745 3726 878 3781 temporum
897 3719 957 3777 luce,
979 3717 1004 3764 in
1022 3717 1121 3764 Excurs.
1140 3716 1171 3762 Β.
1191 3714 1261 3763 Illinc

200 3778 296 3855 Quippe
306 3778 348 3844 qui
361 3794 404 3827 nec
419 3778 503 3825 Roma
517 3779 659 3828 vocationem
675 3781 718 3828 ha·
745 3781 776 3828 ad
797 3782 885 3830 variam
907 3780 992 3842 Taciti,
1015 3781 1093 3844 plures
1116 3779 1178 3828 locos
1199 3786 1259 3841 pete.

198 3846 298 3899 buermt,
317 3852 410 3891 auctore
425 3841 546 3890 Varrone:
564 3845 631 3905 eujus
648 3847 718 3892 verba
746 3844 822 3893 ers.

197 3906 324 3971 ungenti
334 3906 405 3955 Noct-
419 3906 457 3960 13,
471 3906 545 3955 ltin
560 3906 630 3955 Italia
640 3909 717 3955 multo
779 3910 888 3957 Honores
905 3910 1017 3973 permisit
1049 3908 1088 3957 Sic
1109 3922 1189 3955 omncs
1207 3904 1258 3953 edd.

194 3971 716 4085 tittbtffitt‘atmffltmtlt
745 3981 802 4083 r·
826 3974 964 4085 rrttt
978 3971 1260 4083 {turtum

194 4100 385 4165 Dionya8‚87.
416 4098 493 4147 Ialrs.
743 4052 1123 4164 itelnqiteRyckiusetddGron.
1139 4108 1220 4163 estque
1237 4107 1260 4147 et

229 4166 360 4220 Qwrtorer
369 4164 712 4228 oerarttuuduntataeraai:
742 4164 767 4211 in
784 4164 864 4213 Guelt'.
896 4164 950 4227 Ego
964 4165 1077 4225 permitit
1095 4164 1179 4212 melius
1194 4173 1260 4229 puto.

193 4222 234 4273 sed
244 4235 296 4275 turn
306 4229 340 4276 sic
355 4244 407 4278 mos
418 4229 490 4293 loqui.
523 4229 562 4278 Sic
575 4229 598 4287 l,
609 4228 649 4283 75.
668 4228 714 4276 ha-
743 4229 827 4278 Voluit
837 4228 899 4277 enim
907 4227 990 4287 dicere,
998 4227 1068 4289 dedit,
1080 4228 1209 4288 mundavit,
1217 4244 1260 4292 pro

191 4288 287 4335 buimut
303 4293 425 4341 Proetorer
440 4296 555 4342 oerartor:
573 4307 664 4357 nempe,
682 4300 712 4341 ut
742 4294 955 4358 quoestpermtrtt.
989 4292 1062 4340 Bau.
1090 4294 1259 4359 Bud.quoque

192 4363 239 4397 non
255 4363 335 4400 omne
351 4354 465 4407 Pratores
480 4357 555 4408 erarii
570 4370 651 4408 cruam
666 4354 709 4406 ba·
742 4358 784 4407 al.
792 4374 825 4407 m.
836 4358 936 4408 habebat
942 4358 1063 4421 proruittt.
1244 4376 1246 4383 ¹
