3042 4950
223 274 249 321 Α.
264 280 292 325 c.
308 262 370 337 aa]
572 222 657 321 tras
673 257 753 320 xur.
775 264 861 323 cnr.
881 268 929 323 aa.
1192 304 1196 308 -
1222 273 1277 331 aar

217 461 254 510 et
267 448 411 511 Curtium
427 448 627 527 Montanum,
649 448 830 512 detestanda
851 450 987 517 carmina
999 452 1202 534 factitantem,
1217 458 1283 522 elu-

223 528 296 593 dere
309 533 424 617 inpune
439 534 581 595 sinerent.
618 532 798 617 'Requirere
821 556 853 596 se
874 533 907 596 in
929 535 1046 601 Senatu
1069 540 1284 621 Consularem,

222 614 254 675 in
270 616 348 678 votis
373 617 579 694 Sacerdotem,
600 616 633 678 in
653 616 862 701 jurejurando
883 617 999 683 civem:
1023 620 1091 700 nisi,
1111 640 1220 690 contra
1239 627 1285 691 in-

222 698 331 761 stituta
344 714 376 762 et
394 701 585 764 caerimonias
606 702 771 785 majorum,
793 701 983 787 proditorem
998 706 1101 790 palam
1115 724 1147 772 et
1161 710 1282 775 hostem

222 780 363 846 Thrasea
380 782 539 847 induisset.
587 784 734 868 Denique
748 799 857 870 ageret,
875 789 1064 868 Senatorem,
1080 805 1111 854 et
1129 793 1234 858 Princi
1258 798 1285 859 is

222 866 441 931 obtrectatores
455 883 616 954 protegere
631 867 755 945 solima,
770 869 899 947 veniret,
916 886 1063 950 censeret,
1079 877 1157 961 quid
1171 879 1284 966 corrigi

223 960 278 1012 aut
303 952 416 1014 mutari
442 951 551 1015 vellet:
577 952 698 1015 facilius
720 952 894 1037 perlaturos
919 955 1040 1042 singula
1063 959 1283 1047 increpantem,

247 1056 317 1099 uam
340 1057 424 1098 nunc
446 1037 600 1101 silentium
621 1036 793 1122 perferrent
816 1038 919 1102 omnia
943 1041 1126 1109 damnantia.
1172 1048 1286 1113 Pacem

223 1058 267 1180 illi
282 1141 338 1204 per
352 1120 458 1183 orbem
472 1116 572 1197 terrae,
588 1143 628 1183 an
643 1121 787 1184 victorias
801 1120 865 1184 sine
879 1123 993 1187 damno
1006 1130 1209 1209 exercituum,
1224 1134 1286 1196 dis-

223 1200 360 1286 plicere?
406 1207 455 1267 Ne
469 1205 635 1281 hominem,
655 1205 743 1268 bonis
761 1204 893 1291 publicis
912 1220 1068 1289 moestum,
1088 1228 1119 1277 et
1137 1217 1191 1299 qui
1205 1218 1285 1297 fora,

221 1284 353 1361 theatra,
377 1288 492 1372 templa
510 1310 568 1373 pro
588 1287 909 1368 solitudine'haberet,
930 1294 986 1377 qui
1000 1295 1194 1362 minitaretur
1207 1304 1287 1365 exsi-

223 1367 299 1430 lium
319 1392 422 1448 suum,
447 1372 621 1435 ambitionis
642 1395 747 1457 pravae
771 1387 943 1460 compotem
966 1377 1110 1444 facerent.
1153 1386 1227 1454 Non
1241 1386 1286 1449 illi

222 1453 364 1529 consulta
386 1454 465 1532 haec,
489 1478 550 1518 non
572 1457 779 1541 Magistratus
792 1472 847 1521 aut
863 1460 1037 1525 Romanam
1052 1465 1162 1529 urbem
1179 1470 1285 1536 videri.

159 1546 161 1552 '
225 1536 438 1623 Abrumperet
451 1538 546 1602 vitant
561 1541 601 1603 ab
617 1564 652 1603 ea
666 1540 800 1620 civitate,
822 1543 914 1629 cujus
928 1547 1085 1611 caritatem
1100 1549 1186 1631 olim,
1204 1576 1287 1619 nunc

225 1633 256 1682 et
271 1620 451 1705 adspectum
466 1624 629 1689 exuisset.''

268 1707 411 1771 XXIX.
435 1710 517 1771 Cum
539 1731 594 1793 pcr
608 1708 674 1772 baec
689 1722 784 1795 atquc
798 1712 871 1787 talia
892 1714 1071 1795 Marcellus,
1092 1732 1128 1781 ut
1142 1737 1208 1785 erat
1222 1735 1287 1788 tor·

222 1812 283 1863 ⁴vus
297 1802 328 1852 et
343 1790 459 1870 minax,
474 1815 559 1870 voce,
579 1793 680 1872 vultu,
702 1795 799 1859 oculis
812 1797 983 1862 ardesceret
995 1824 1004 1873 3
1028 1823 1089 1865 non
1103 1801 1156 1867 illa
1168 1821 1242 1872 nota
1255 1824 1287 1873 et

227 1952 322 2000 inferius
336 1954 376 2009 ait,
391 1958 487 2016 pulsum
503 1972 556 2002 sum
569 1958 650 2003 Italia.
683 1957 737 2017 Sed,
770 1969 793 2008 et
808 1962 871 2023 apud
889 1963 992 2011 bacmnt.
1010 1965 1039 2012 de
1052 1978 1119 2016 mort.
1133 1986 1215 2033 persea
1230 1982 1287 2029 c9.

225 2031 266 2062 cur
282 2016 409 2065 Marcellus
427 2021 523 2079 paterni
537 2022 585 2066 odii
601 2022 626 2067 iu
645 2020 737 2067 Praet-
770 2025 883 2072 contrario
908 2040 976 2073 serrsu
997 2044 1081 2077 eunus
1101 2048 1213 2083 socerum.
1248 2039 1286 2086 Cf.

220 2080 379 2140 pesluredcoe
388 2082 548 2144 Agrippinum
564 2084 737 2132 calumniatur?
770 2087 977 2150 Cupcmsadbl.
1013 2094 1160 2146 Paulloante
1173 2116 1217 2162 pro
1232 2116 1286 2149 eon-

221 2143 322 2204 vPropter
347 2153 436 2205 patrem
459 2147 510 2205 ejus
535 2146 670 2206 Paconium,
698 2148 739 2211 qui
771 2152 1141 2214 traBipposnereconternnens.

223 2207 735 2335 attramentarium
770 2216 1288 2342 &sanmathianum

224 2338 276 2377 turn
301 2347 354 2379 eum
378 2350 393 2379 a
418 2337 516 2395 qaudam
539 2352 607 2399 nouo,
634 2340 738 2385 adstante
768 2351 831 2389 retur
849 2358 919 2403 agere
938 2346 1073 2395 Senatorern
1092 2352 1180 2399 solitus.
1214 2356 1287 2406 Recte

221 2409 308 2442 nunsoe
323 2398 385 2443 inter
399 2412 491 2459 capreas
509 2400 552 2463 (ita
567 2401 610 2463 leg.
627 2415 672 2448 nou
691 2404 737 2449 Co·
769 2406 854 2467 potina
874 2416 961 2468 ageret,
981 2415 1078 2474 versiret,
1098 2426 1203 2465 censeret.
1237 2420 1285 2469 Re.

221 2460 305 2520 preas)
320 2470 371 2507 'our
394 2462 509 2510 Paeonius
532 2466 661 2528 mmestetis
684 2481 738 2513 reus
770 2484 849 2532 cepere
858 2470 912 2534 Bip.
945 2474 1041 2536 Sequor.

223 2523 316 2569 tamdiu
333 2527 445 2573 vianet?
461 2531 542 2576 statim
560 2531 654 2588 quidem
667 2536 737 2591 petu-
802 2535 837 2580 Et
855 2537 977 2597 Principis
992 2541 1152 2592 obtrectatores
1164 2555 1287 2610 protegere

222 2585 321 2631 mutium
332 2589 678 2652 duguoeotjurgusse,ceterum
687 2601 739 2654 post
770 2598 863 2661 snum]
887 2598 962 2647 Taciti
982 2617 1080 2652 manum
1098 2607 1168 2657 firisse
1189 2617 1285 2661 censeor

219 2663 307 2708 paucos
330 2651 378 2696 dies
399 2653 518 2712 scripsisse
540 2658 692 2712 Senatui,·nt
710 2658 738 2703 de
770 2663 1151 2728 DeniqueagereSenatorem,ut
1163 2676 1288 2738 Principis

219 2726 289 2770 pene
309 2714 409 2760 Paeonii
428 2720 602 2777 quamprimum
618 2724 736 2766 statrseret.
770 2725 930 2772 obtrectatores
935 2736 1077 2791 protegeret,
1087 2735 1178 2796 solitura,
1187 2742 1287 2796 veniret,

224 2771 280 2820 Ideo
301 2775 396 2824 'facitne
417 2791 492 2825 moxr
519 2781 581 2834 Quid
602 2781 739 2843 Agrippino
771 2795 812 2833 etc.
848 2789 938 2839 Gaorr.

222 2839 340 2900 objeetrnn‚
352 2841 399 2886 nisi
412 2843 503 2888 tristem
510 2844 740 2905 patrissaturum?
806 2852 881 2907 Quam
888 2870 951 2901 nunc
958 2857 1078 2907 sikniiam
1084 2866 1229 2929 perferrent]
1245 2869 1286 2917 En

223 2902 396 2960 qnandoetitte
408 2905 508 2964 perinde
522 2908 629 2954 innocens
649 2909 739 2956 Tiberii
771 2915 929 2965 calumniam!
955 2919 1008 2968 Viri
1029 2925 1084 2971 boni
1105 2927 1194 2977 silentio
1215 2933 1285 2981 etiarn
1347 2981 1351 2986 ,

223 2966 464 3014 sennaconadusee.
496 2967 571 3018 lares.
603 2970 666 3018 Bud.
687 2975 738 3020 Ra-
766 2979 834 3039 apud
859 2979 998 3042 Tyrannum
1022 2999 1124 3048 peccant.
1155 2994 1223 3042 Audi
1246 2997 1287 3045 illa

222 3030 328 3086 genium.
346 3029 518 3077 SicetPutaol.
683 3045 685 3052 ⁴
770 3041 834 3102 apud
850 3043 969 3104 Senwam,
989 3050 1077 3114 OEdipo
1099 3058 1155 3104 523.
1178 3074 1219 3122 sq.¹
1236 3059 1285 3108 Ca.

258 3091 370 3138 Curtium
387 3095 543 3160 Montanum]
563 3097 636 3158 Cujus
652 3101 739 3148 mentio
775 3104 861 3152 Tacere
871 3109 955 3156 liceat:
973 3114 1039 3159 nulla
1056 3117 1150 3166 libertas
1164 3125 1248 3170 minor
1259 3127 1284 3173 A

226 3151 258 3199 H.
268 3155 293 3210 4,
305 3156 344 3202 40.
355 3157 393 3203 42.
427 3158 502 3205 Lu‘a
771 3169 940 3230 Regepetitur.
952 3175 1012 3222 (ΕΒ.
1024 3195 1084 3240 saepe
1095 3184 1223 3246 stellingua
1234 3204 1286 3240 ma,

219 3237 222 3246 ν
257 3218 360 3264 Eludere
376 3220 539 3284 sinerentlln
555 3223 633 3271 animo
649 3226 739 3276 videtur
766 3235 807 3292 gis
829 3235 894 3294 Regi
915 3243 984 3298 atque
1004 3257 1077 3303 regno
1101 3254 1168 3295 muta
1191 3253 1285 3302 libertus

225 3278 331 3328 habuisse
346 3281 423 3330 locum
441 3282 737 3348 Cic-proMiLc.12.se
769 3297 837 3343 obest
868 3299 944 3348 bras.

218 3345 387 3402 praecludere
400 3349 484 3408 Remp.
500 3351 525 3394 in
541 3351 593 3396 istis
609 3355 657 3398 ruis
674 3358 736 3415 cogi-
802 3363 890 3409 Pacem
906 3366 943 3410 iiii
955 3383 1002 3429 per
1018 3373 1095 3419 orbem
1113 3381 1195 3442 αντα]
1229 3381 1286 3432 Huc

217 3407 417 3467 atatisfuroriirus.
440 3411 511 3458 Ean.
596 3451 598 3455 ,
768 3424 848 3484 mourl
864 3424 935 3475 dubio
951 3432 1055 3481 trahendi
1068 3441 1159 3486 nummi
1177 3443 1277 3495 Neronis

255 3471 384 3530 Requirere
405 3489 429 3520 se
449 3477 474 3521 in
493 3477 590 3540 Senatu]
611 3480 664 3541 Ego
682 3483 736 3530 nul·
768 3486 798 3533 de
818 3489 904 3550 quibus
927 3504 979 3555 pom
1001 3498 1058 3546 alios
1079 3503 1127 3562 egit
1148 3504 1239 3556 Eckhel
1259 3483 1285 3558 51}

221 3533 272 3581 lum
290 3533 366 3583 alium
388 3551 481 3584 sensum
504 3539 558 3587 hinc
579 3543 670 3598 extrica,
692 3546 737 3594 nisi
768 3548 849 3597 Doctr-
871 3553 929 3601 NN.
949 3568 994 3606 vet.
1015 3562 1061 3608 vol.
1079 3566 1103 3612 6.
1122 3582 1147 3628 p.
1165 3571 1219 3625 273
1254 3575 1284 3622 ln

222 3611 292 3705 paam
314 3598 386 3646 edidit
404 3600 512 3660 Pichena,
532 3612 558 3651 ut
576 3608 695 3665 requirere
712 3625 737 3656 se
768 3618 1042 3684 eommposticalegiture
1057 3640 1288 3685 anemurum.

238 3660 309 3706 ictum
328 3662 364 3720 sit,
383 3678 424 3724 pro
440 3667 607 3724 requisiturum
625 3684 657 3729 se,
674 3674 737 3734 quod
764 3689 813 3723 as.
827 3691 927 3732 mauro.
944 3697 1040 3734 nanus,
1057 3704 1161 3742 rsuvm.
1176 3710 1285 3750 cnvsm

216 3724 299 3783 uerba
322 3727 369 3771 nisi
391 3727 512 3786 induisset,
536 3729 671 3781 desiderant.
703 3735 737 3784 Et
762 3739 1283 3814 inmensos.nummarsararmvsr.

222 3800 292 3848 supra
308 3789 447 3848 nounmus,
469 3792 510 3839 ubi
528 3793 606 3842 futura
623 3810 670 3844 non
688 3800 735 3846 usi-
770 3815 881 3852 cnvsrr.
971 3813 973 3818 “

222 3855 270 3894 aa
297 3851 350 3898 suis
377 3852 429 3911 sint,
456 3857 576 3916 prasentia
601 3859 663 3921 poni.
700 3863 736 3910 Ae
804 3869 1001 3939 laterneto-aus]
1019 3877 1057 3925 Ita
1071 3881 1142 3930 adim
1158 3885 1288 3945 Pichenae·

222 3911 331 3960 Freinsh.·
344 3914 377 3961 sic
396 3916 471 3978 capit:
491 3918 509 3964 si
526 3933 628 3980 negaret,
646 3939 670 3971 se
689 3940 736 3973 esse
767 3929 868 3992 vesfigiis
879 3933 935 3983 MS.
946 3935 1008 3985 Flor.
1024 3941 1105 4006 inquo
1115 3955 1196 3999 uteret.
1221 3957 1284 4008 Eam

221 3974 359 4034 proditorem
375 3987 399 4026 at
414 3979 513 4041 hostem,
529 3998 637 4044 quarere,
655 4002 696 4034 cur
710 3988 735 4034 in
767 3994 927 4044 mercationem
946 4015 1024 4050 veram
1045 4016 1110 4068 puto.
1151 4013 1202 4063 Nee
1223 4030 1284 4070 eet&

222 4035 332 4086 Senatum
353 4055 399 4088 nan
422 4043 516 4091 renuet.
556 4047 624 4094 Bona
644 4059 734 4097 senten·
767 4068 800 4100 raa
820 4056 935 4118 laedones,
958 4067 1086 4116 utGuelt'.
1108 4073 1168 4136 Agr.
1191 4081 1226 4128 ad.
1246 4101 1283 4147 pr,

216 4161 274 4210 nea
295 4164 397 4228 adaequa
430 4169 501 4216 aaa.
538 4171 601 4232 aaa,
624 4189 677 4236 qua
697 4177 736 4225 nra
767 4126 1286 4258 smaaefb‘ii'ioiiffain‘la‘iili

216 4223 312 4273 crimini
327 4228 543 4293 danturThresesa,
560 4235 688 4286 referuntur
705 4241 735 4288 ed
767 4245 799 4291 bo
809 4249 954 4308 ardesceret‚·
1023 4256 1029 4267 ’

215 4301 257 4346 aa,
279 4304 340 4364 quan¹
352 4292 396 4354 ipsi
415 4295 503 4356 objecta
522 4311 542 4344 c.
563 4303 603 4346 22.
634 4304 736 4352 Induere
768 4311 1288 4386 verbum>qnoda‚eum‘pendeat,'desiders.

223 4351 408 4417 honam-dieitur,
420 4367 446 4404 ut
454 4372 509 4407 mox
516 4367 735 4428 emerecaritutem,
768 4380 816 4418 tun·
828 4393 831 4399 ¹
842 4375 982 4427 Brevitsts'm
992 4385 1099 4434 orationis
1110 4391 1231 4444 voluerunt
1241 4387 1284 4449 ere-

216 4098 262 4156 tis,
274 4101 313 4148 ced
323 4117 350 4150 ea
359 4118 407 4152 non
418 4105 442 4152 in
454 4109 536 4168 verbis,
553 4118 667 4170 quantum
678 4114 736 4161 mihi
768 4119 870 4168 uinceret
881 4141 891 4178 ,-
