3042 4950
244 230 390 304 saon]
563 233 638 292 us.
658 233 973 305 nvncealan.
1021 257 1023 268 ·
1231 241 1285 301 an

243 386 392 461 hactenus
405 412 500 458 manu
514 394 592 457 serui
611 412 698 471 usus,
714 405 749 459 ut
764 394 915 465 inmotum
935 394 1103 481 ptigionem
1116 395 1283 476 extollent,
1318 407 1321 422 ”

245 470 396 557 adpressit
407 476 548 542 dextram
562 478 639 564 ejus,
649 477 825 563 juguloque
837 480 979 551 occurrit.

287 560 380 625 XVI.
403 560 509 625 Etiam
525 560 549 623 si
563 560 644 626 bella
657 576 784 631 externa
796 576 827 630 et
837 564 939 627 obitas
949 586 1007 649 pro
1015 563 1190 649 Republica
1201 588 1283 633 mor·

243 650 289 703 tes
312 656 397 709 tanta
418 666 547 710 casuum
570 644 768 709 similitudine
789 670 1015 721 memorarem
1046 670 1158 733 meque
1179 648 1283 734 ἱρευῐη

243 726 365 789 satietas
384 728 521 826 cepisset,
539 728 731 825 aliorumque
752 730 880 794 taedium
901 744 1118 817 exspectarem,
1141 734 1284 816 quamvis

234 807 386 875 ‘honestos
399 812 512 877 civium
524 812 636 891 exitus,
652 825 752 880 tristes
767 827 869 878 tamen
883 829 915 881 et
924 815 1085 880 continuos
1097 815 1285 912 adspernan-⁴
1363 891 1366 894 ,

243 892 331 959 tium.
375 901 419 961 At
431 916 514 961 nunc
527 898 675 983 patientia
688 897 816 976 servilis,
831 913 1015 985 tantumque
1028 898 1185 985 sanguinis
1197 900 1283 967 domi

242 978 410 1061 perditum,
425 981 557 1067 fatigent
570 982 718 1060 animum,
734 984 918 1052 ctmoestitia
930 985 1128 1071 restringunt.
1172 985 1284 1084 Neque

242 1060 332 1130 obem
349 1063 556 1129 defensionem
575 1067 615 1130 ab
636 1066 683 1144 iis,
705 1066 821 1151 quibus
840 1067 899 1135 ista
919 1080 1094 1146 noscentur,
1116 1090 1283 1154 exegerim,

242 1169 348 1231 quam,
364 1170 403 1213 ne
412 1150 532 1213 oderint
547 1163 610 1213 tam
621 1151 753 1236 segniter
763 1165 934 1237 pereuntes.
980 1154 1034 1217 Ira
1046 1152 1100 1217 illa
1107 1151 1287 1220 Numinutn'

242 1231 274 1294 in
288 1254 336 1295 res
348 1236 504 1297 Romanas
518 1233 692 1319 fuit,quam
704 1257 776 1311 non,
791 1249 828 1299 ut
841 1235 872 1297 in
880 1235 1020 1301 cladibus
1027 1236 1218 1302 exercituum
1228 1250 1285 1303 aut

241 1315 419 1459 captivitate
432 1316 569 1395 urbium,
589 1318 682 1391 semel
702 1319 817 1383 editam
834 1320 962 1387 tranum
981 1320 1061 1385 licet.
1104 1322 1208 1385 Detur
1223 1322 1285 1387 hoc

242 1398 274 1461 in
287 1400 419 1463 ustrium
432 1401 570 1465 virorum
586 1403 768 1488 posteritati,
783 1415 830 1482 ut,
845 1404 1001 1489 quomodo
1014 1404 1166 1491 exsequiis
1179 1426 1199 1467 a
1211 1427 1284 1493 pros

242 1483 359 1547 misena
373 1508 405 1547 se
428 1485 532 1549 ultura
546 1500 735 1572 separantur,
750 1488 805 1565 ita,
826 1488 861 1554 in
881 1488 1043 1555 traditione
1057 1497 1284 1575 supremorum,

241 1567 392 1653 accipiant
405 1508 601 1653 iiabeantque
615 1572 773 1656 propriam
787 1572 975 1635 memoriam.
1112 1595 1115 1605 ⁴

284 1652 399 1717 XVII.
421 1655 541 1717 Paucos
561 1654 677 1751 quippe
689 1655 771 1719 intra
784 1656 860 1733 dies,
875 1656 982 1721 eodem
996 1655 1128 1741 agmine,
1142 1654 1283 1722 Annaeus

242 1735 351 1813 Mella,
374 1736 500 1801 Cerialis
517 1740 658 1816 Anicius,
682 1740 797 1804 Rufius
819 1740 992 1838 Crispinus,
1006 1763 1042 1803 ac
1056 1743 1095 1805 C.
1117 1742 1283 1807 Petronius

239 1820 383 1883 cecidere.
430 1822 528 1885 Mella
551 1839 583 1886 et
607 1823 780 1908 Crispinus,
806 1825 939 1971 Equites
952 1825 1108 1903 Romani,
1133 1824 1163 1888 d‘
1209 1825 1283 1890 'tate

242 1905 420 1969 Senatoria:
443 1929 515 1969 nam
529 1902 579 1969 bic
593 1907 750 1993 quondam
767 1910 840 1977 Prae
853 1921 939 1973 ectus
952 1907 1106 1986 Praetorii,
1118 1920 1150 1972 et
1190 1964 1193 1971 .
1212 1932 1284 1973 nsu-

241 1987 358 2052 laribus
372 1989 548 2076 insignibus·
556 1992 699 2070 donatus,
714 2015 750 2056 ac
765 1992 864 2078 nuper
878 1992 1003 2055 crimine
1015 1992 1233 2077 conjurationis
1250 1992 1285 2069 in

243 2073 414 2139 Sardiniam
429 2089 565 2153 exactuS,
581 2088 706 2161 accepto
715 2078 813 2160 jussae
826 2077 934 2139 mortis
947 2074 1067 2153 nuntio,
1083 2088 1179 2140 semet
1191 2077 1285 2149 inter-

239 2156 320 2223 fecit.
366 2158 474 2236 Mella,
488 2160 603 2245 quibus
619 2160 724 2225 Gallio
738 2172 770 2225 et
786 2164 910 2238 Seneca,
925 2160 1104 2245 parentibus
1118 2174 1219 2238 natus,
1230 2182 1285 2246 pes
1356 2190 1364 2197 ·

239 2240 346 2304 titione
359 2243 513 2307 honorum
527 2245 716 2308 abstinuerat
753 2268 787 2308 er
797 2244 994 2316 ambitionem
1009 2257 1239 2330 praeposteram,
1248 2257 1286 2308 ut

240 2328 350 2414 Eques
375 2328 537 2393 Romanus
561 2328 722 2394 Consulari
768 2352 783 2393 s
809 2328 948 2415 potentia
968 2340 1162 2415 aequaretur:
1194 2326 1286 2397 simul

274 2537 350 2592 Quem
366 2551 395 2584 ne
410 2539 499 2588 oderim
514 2545 562 2586 tam
577 2541 680 2600 segniter
691 2553 749 2600 per-
780 2552 834 2588 nem
850 2537 910 2586 hanc
929 2537 1027 2600 segniter
1040 2537 1185 2599 pacandum
1202 2535 1288 2594 admits

237 2603 328 2665 euntes]
352 2601 463 2647 Onussam
480 2601 562 2662 reddit,
578 2618 618 2650 eur
633 2616 680 2649 non
693 2601 747 2648 ode-
778 2610 837 2660 tant
862 2615 937 2674 neque
957 2615 996 2648 eos
1016 2600 1111 2656 oderint,
1135 2615 1189 2648 mm
1210 2599 1286 2648 saud·

238 2664 276 2718 rit,
293 2664 337 2712 hoc
351 2671 392 2721 eet,
409 2677 455 2711 non
470 2665 571 2712 omiserit
586 2680 665 2712 eorum
681 2679 746 2712 men-
778 2663 883 2712 Deorum
899 2679 933 2710 ua
951 2663 1032 2711 subsit.
1064 2662 1128 2710 Dent
1145 2661 1217 2726 igitur
1233 2662 1285 2710 illo-

240 2726 332 2774 tionem.
366 2726 396 2774 Id
414 2727 476 2774 enim
493 2729 565 2774 eduae
582 2736 653 2775 vocet.
689 2727 747 2784 Non
778 2741 831 2774 rum
854 2725 989 2790 posteritati,
1011 2733 1039 2772 ut
1053 2725 1189 2773 'inlustrlum
1210 2726 1285 2783 nomi·

237 2789 305 2836 aliter
320 2805 359 2836 me
374 2789 504 2850 defendam,
524 2806 595 2854 quam
613 2798 640 2843 ut
660 2805 747 2852 rogem,
778 2804 836 2836 num
846 2788 957 2837 maneria
968 2797 1118 2836 mnsmretur.
1150 2788 1211 2838 Mox
1221 2787 1284 2838 Bud.

237 2851 363 2900 concedant
385 2853 452 2912 mihi,
469 2868 515 2903 non
531 2854 604 2902 odisse
622 2861 645 2900 et
665 2853 747 2916 punire
778 2854 858 2900 edicto.
899 2851 962 2898 Dein
987 2867 1002 2898 a
1022 2855 1136 2913 proxima
1155 2854 1284 2915 sepultura,

237 2915 329 2964 silenem
345 2916 461 2978 ignaviam
476 2916 515 2976 sic,
537 2916 608 2964 instar
630 2931 747 2992 pecorum,
778 2915 846 2964 mele.
890 2916 1021 2976 Captivites
1037 2917 1131 2963 urbium
1146 2916 1242 2964 occurrit
1263 2923 1287 2964 ct

239 2978 297 3026 credi
318 2993 342 3026 se
365 2979 534 3042 praebentium:
563 2981 608 3039 vel,
630 2994 683 3026 cum
704 2980 747 3028 vin
779 2979 813 3029 Η.
824 2984 848 3034 3,
859 2980 899 3035 70.

239 3041 309 3090 fortes
331 3041 413 3101 forent,
432 3057 530 3106 quorum
550 3042 630 3090 mortis
645 3051 746 3090 contem.
810 3043 915 3089 Aeneae
931 3040 1018 3102 Melle]
1035 3040 1096 3088 Bnd.
1113 3042 1188 3093 Mela.
1224 3041 1286 3090 Mox

240 3114 295 3171 ptus
315 3103 368 3152 usui
388 3119 473 3168 magno
496 3120 545 3153 esse
570 3105 688 3169 potuisset,
714 3107 747 3155 ita
779 3107 866 3166 Ruffle
878 3103 1102 3166 CrQ-sedrsspice
1111 3103 1141 3152 sd
1156 3110 1192 3165 12,
1204 3109 1250 3153 42.

240 3175 338 3216 mortem
353 3167 479 3234 perdentes.
511 3167 596 3217 Nestor
610 3169 672 3232 apud
688 3168 746 3218 Ovi.
810 3169 848 3216 Ae
860 3167 995 3232 Petronius]
1005 3169 1044 3216 Sic
1054 3167 1126 3215 MSS.
1136 3168 1197 3215 Flor-
1207 3167 1285 3219 Gneli.

238 3229 305 3279 dium
314 3231 373 3280 Met·
381 3232 420 3291 12,
428 3234 483 3294 575.
494 3234 548 3282 Nee
555 3239 631 3280 mmor
638 3234 745 3296 ulterius,
779 3231 894 3280 addente
904 3231 980 3279 Rhea.
990 3246 1078 3290 omnes,
1095 3231 1137 3292 qui
1148 3232 1244 3294 primus,
1256 3246 1285 3284 ex

240 3310 310 3358 quam
323 3297 403 3358 sortia
424 3295 494 3357 saeta
521 3297 615 3355 silendo,
641 3297 747 3344 waccar
779 3293 878 3358 ingenio,
891 3309 1024 3357 praenomen
1033 3292 1286 3344 emendaturis.

232 3359 332 3421 fratres.
364 3359 455 3408 Gnosi.
487 3357 619 3408 verissime.
652 3359 746 3406 Rhene·
779 3357 804 3405 id
818 3367 900 3405 natum
914 3373 944 3405 ex
958 3357 1136 3413 ultimeeirac.
1167 3357 1285 3407 Broterius
1389 3361 1394 3369 '

239 3436 292 3481 nus,
341 3422 347 3434 ‘
376 3421 420 3484 'us,
444 3414 539 3471 Grotius
559 3421 675 3470 malebant
695 3423 747 3468 ode-
779 3429 905 3484 putatesse
920 3420 950 3468 T.
963 3421 1106 3484 Petronium,
1116 3420 1146 3476 de
1160 3436 1206 3484 quo
1222 3420 1286 3469 Ptin.

240 3487 296 3533 rint.
365 3493 375 3532 t
395 3486 439 3534 ista
458 3500 505 3534 non
526 3485 584 3533 foret
603 3485 704 3533 dcfmsic
725 3493 748 3532 et
766 3484 818 3543 ¹87,
829 3487 853 3532 2.
867 3483 914 3548 (7.)
925 3492 1072 3532 οιαιιοωκω
1084 3483 1146 3542 libri,
1157 3485 1286 3546 mqjuspu!

239 3547 357 3597 excusatio
373 3549 456 3606 Taciti,
476 3565 528 3613 quse
545 3549 583 3597 hie
601 3548 746 3609 desideratur.
779 3557 850 3600 extat.
866 3549 937 3596 Ean.
959 3548 1042 3608 Quum
1052 3561 1108 3594 mox
1121 3547 1285 3599 elenenses

241 3613 340 3660 Oderint
353 3612 496 3661 libriomnes
508 3611 588 3675 (etiam
603 3611 678 3674 Bud.)
688 3627 747 3674 prar-
778 3611 861 3659 iterum
878 3610 973 3670 dicatur,
990 3611 1025 3657 nil
1042 3613 1125 3669 obstat,
1146 3625 1193 3674 quc
1209 3609 1287 3666 minua

239 3683 273 3724 tar
290 3675 339 3724 cod.
355 3681 414 3738 Agr.
431 3676 472 3739 qui
487 3677 556 3723 habet
568 3676 665 3724 oderint.
697 3676 748 3722 De·
779 3684 802 3727 et
811 3675 864 3732 bie;
876 3676 955 3723 saltem
966 3673 1016 3723 cod.
1029 3673 1090 3720 mor.
1101 3681 1125 3725 at
1138 3675 1199 3736 agr.
1210 3687 1230 3728 e,
1247 3674 1285 3728 18.

231 3739 315 3802 sensio
337 3753 380 3800 pro
398 3740 542 3788 mutatione
563 3738 631 3786 dicta.
674 3738 748 3786 Nullo
779 3737 912 3787 sichabmt.
948 3737 1008 3787 Item
1019 3735 1084 3784 aud.
1285 3781 1288 3784 ,

164 3829 169 3834 -
240 3802 286 3850 alio
300 3801 392 3850 nomine
405 3818 444 3850 me
460 3805 489 3851 ab
504 3802 533 3850 iis
551 3809 685 3850 excusatum
705 3801 746 3848 hs„
811 3803 938 3862 Dignitetr
954 3797 1089 3862 senten]
1105 3800 1161 3856 Nan
1175 3799 1237 3854 enin
1250 3814 1287 3852 re,-

238 3859 288 3914 beti
307 3863 386 3923 velim,
406 3865 543 3929 defectuique
557 3865 601 3914 hoc
616 3865 747 3914 institutum
779 3879 832 3915 rara
854 3866 983 3920 Senatores,
1001 3863 1140 3926 emensus
1161 3877 1188 3912 ac
1208 3863 1286 3925 splen

237 3941 326 3977 meum.
359 3929 462 3994 Sequens
478 3929 588 3978 sententia
603 3937 637 3988 est
651 3944 666 3975 a
683 3927 747 3983 Cice·
779 3927 833 3985 dore
848 3927 919 3977 miris
934 3927 1070 3982 Senatorum
1084 3939 1157 3990 peres.
1174 3925 1288 3989 Eqnitee

239 4005 303 4050 rona
342 3991 367 4040 ui
389 3989 477 4042 beilum
502 3993 567 4042 civile
593 3991 626 4040 ita
646 3999 747 4039 mast
778 3991 884 4039 illustres⁸
916 3989 992 4046 Istra.
1023 3989 1212 4049 ,Vitiarium

240 4053 302 4102 Mox
344 4071 401 4118 ‚pn
412 4057 482 4104 amal
494 4058 571 4104 edito.-
587 4064 610 4103 et
626 4055 675 4107 edd.
694 4062 747 4102 sate
788 4104 791 4110 ,
812 4054 933 4110 Quondam
949 4054 1078 4116 Praefectus
1093 4051 1220 4115 Praeterit]
1236 4051 1289 4103 Sub

242 4117 647 4182 Rhenomnescceepslturamale.
675 4118 744 4173 risa.
780 4117 878 4174 Claudio
894 4117 931 4174 ll,
953 4117 974 4164 1.
1005 4117 1078 4167 Iura.
1111 4118 1288 4180 Numerum,-

242 4179 315 4230 Recte
337 4189 394 4245 puto
415 4183 471 4246 Bip.
500 4183 625 4246 reposuisse
649 4183 748 4232 oderent.
779 4188 854 4237 emur.
885 4177 924 4229 (a.
943 4183 981 4240 ta,
997 4180 1037 4236 71.
1066 4179 1130 4235 Bnd.
1144 4181 1279 4244 werin

243 4241 335 4292 Pait's
350 4245 470 4298 lectoribus
483 4255 572 4308 ancwr,
589 4254 617 4294 ut
635 4245 748 4295 defnsio-
780 4243 819 4303 De
832 4245 969 4297 anunm·
981 4244 1071 4305 lma.
