3042 4950
230 295 319 369 ,aaa
594 274 604 287 '
657 289 886 364 annnorum
1148 296 1319 375 [rasio.-

261 468 441 546 interlectis,
455 490 546 555 agere
560 480 662 554 grates
674 468 762 543 Deis,
774 488 883 529 ornare
896 465 988 538 lauru
1000 464 1140 539 domum,
1152 485 1256 549 genua
1269 461 1322 547 ip-

265 555 328 617 sius
342 553 465 617 advolvi
478 565 510 617 et
521 551 662 617 dextram
674 552 786 615 osculis
798 551 939 637 fatigare.
967 550 1078 633 Atque
1090 547 1151 623 ille,
1162 547 1319 632 gaudium

265 639 298 702 id
312 638 450 717 credens,
465 639 599 701 Antonii
613 636 736 701 Natalis
755 648 787 699 et
802 634 943 701 Cervarii
964 632 1091 698 Proculi
1102 632 1249 696 festinata
1269 632 1319 695 in:

265 722 346 788 dicia
374 722 548 810 inpunitate
578 730 812 785 remuneratur:
843 719 1002 797 Milichus,
1028 716 1165 815 praemiis
1188 716 1317 795 ditatus,

268 809 503 874 conservatoris
536 806 594 871 sibi
616 828 738 883 nomen,
766 805 878 869 Graeco
901 804 971 890 ejus
995 826 1039 866 rer
1071 802 1235 878 vocabulo,
1262 804 1317 865 ad-

266 891 406 979 sumpsit.
451 894 481 956 E
499 890 651 955 Tribunis
666 890 805 954 Granius
822 888 977 964 Silvanus,
989 886 1132 974 quamvis
1145 887 1314 966 absolutus,

266 1000 323 1041 sua
344 998 439 1040 manu
456 974 584 1040 cecidit:
609 976 726 1039 Statius
747 974 918 1037 Proximus
935 974 1067 1051 veniam,
1105 994 1178 1034 uam
1196 974 1235 1036 ab
1253 974 1318 1035 Im-

304 1074 406 1125 ratore
424 1072 593 1146 acceperat,
614 1060 748 1123 vanitate
770 1058 873 1122 exitus
893 1058 1045 1154 conrupit.
1122 1056 1192 1120 xuti
1205 1057 1316 1122 dehinc

265 1084 447 1209 liubanem
475 1144 654 1230 Pompeius,
676 1143 840 1207 Cornelius
859 1142 1026 1217 Martialis,
1048 1141 1177 1206 Flavius
1196 1142 1313 1228 NepoS,

268 1230 385 1295 Statius
406 1229 576 1307 Domitius,
601 1235 622 1267 “
633 1229 722 1315 quasi
746 1228 922 1313 Principem
939 1250 1003 1290 non
1022 1225 1149 1313 quidem
1170 1226 1315 1304 odissent,

267 1315 322 1379 sed
346 1328 448 1378 tamen
473 1314 750 1379 existimarentur.”
805 1311 909 1375 Novio
932 1311 1050 1389 Prisco,
1073 1334 1130 1399 per
1149 1312 1315 1375 amicitiam

268 1401 404 1476 Senecae,
419 1412 451 1462 et
466 1397 566 1461 Glitio
582 1397 675 1461 Gallo
689 1410 784 1483 atque
798 1396 906 1461 Annio
926 1396 1070 1473 Pollioni,
1084 1395 1239 1459 infamatis
1251 1419 1317 1459 ma-

266 1484 324 1570 gia,
338 1506 432 1569 quam
447 1482 603 1559 convictis,
619 1481 693 1545 data
708 1481 826 1544 exsilia.
869 1480 1012 1544 Priscum
1024 1480 1161 1545 Antonia
1175 1479 1316 1544 Flaccilla

266 1570 382 1653 conjux
396 1567 541 1630 comitata
548 1581 615 1641 est;
633 1566 761 1629 Gallum
773 1566 912 1651 Egnatia
920 1564 1107 1642 Maximilla,
1122 1565 1242 1651 magnis
1255 1566 1316 1651 pri-

266 1672 354 1715 murn
365 1660 400 1714 ‘et
412 1651 569 1737 integriso
592 1650 673 1729 ibus,
685 1663 755 1737 post
766 1649 937 1735 ademptis3
961 1673 1034 1736 quae
1044 1648 1178 1735 utraque
1188 1648 1315 1735 gloriam

267 1738 335 1833 ejus
349 1758 472 1799 auxere.
515 1674 648 1799 Pellitur
657 1751 688 1799 et
698 1736 814 1800 Rufius
826 1735 999 1819 Crispinus,
1011 1735 1168 1798 occasione
1178 1735 1316 1821 conjura·
1368 1745 1373 1753 “

268 1821 370 1899 tronis,
386 1821 440 1883 sed
459 1821 577 1885 Neroni
596 1820 725 1899 invisus,
741 1820 828 1905 quod
850 1820 1021 1905 Poppaeam
1035 1820 1194 1905 quondam
1216 1822 1316 1883 matri-

259 1906 372 1969 monio
389 1918 537 1969 tenuerat.
577 1904 764 1990 Verginium
782 1904 930 1968 Flaccum
951 1916 983 1967 et
997 1904 1183 1969 Musonium
1198 1906 1318 1969 Rufum

274 2073 280 2083 ”
301 2076 393 2124 Oratore
410 2078 482 2123 laura
498 2078 605 2139 Marum]
621 2076 659 2123 De
673 2075 717 2123 hoc
731 2075 778 2123 ritu
809 2089 893 2123 manus
908 2091 951 2124 sec.
969 2076 1065 2123 Navio.
1106 2074 1203 2121 Nouius
1222 2076 1320 2121 Priscus

267 2154 289 2189 r.
301 2139 363 2187 Plio.
377 2141 416 2200 15,
427 2142 466 2188 30.
476 2138 539 2201 (39.)
809 2140 907 2187 occurrit
922 2156 961 2203 ap.
983 2139 1110 2186 Gruterum
1131 2149 1160 2201 p:
1183 2136 1235 2187 104.
1254 2154 1277 2185 n.
1296 2140 1321 2186 6.

300 2205 383 2253 Genua
399 2204 485 2269 mnas]
507 2205 523 2250 i.
542 2220 562 2251 a.
579 2203 693 2251 Neronis:
731 2204 779 2251 uod
810 2202 1089 2265 Ryckiusetaliidedere
1100 2205 1192 2250 Nonio.
1225 2202 1321 2266 Sedpro

236 2311 239 2317 .
268 2282 315 2315 non
331 2276 454 2327 notassem,
470 2268 515 2316 nisi
532 2268 659 2316 Pichenam
675 2268 704 2314 ad
745 2283 783 2315 ecs
804 2282 851 2327 per
871 2268 996 2329 legendum
1013 2266 1104 2315 ridetur
1118 2274 1224 2329 propter.
1271 2268 1320 2316 tux

268 2331 373 2378 retulisse
396 2332 501 2379 viderem.
547 2332 581 2379 Et
596 2340 630 2379 ast
647 2330 782 2393 exquisitior
809 2330 872 2377 enim
882 2332 973 2379 credam
989 2330 1035 2378 dici
1050 2338 1119 2390 recte,
1135 2332 1235 2378 critiam
1251 2333 1321 2379 datar

268 2394 326 2441 ratio
334 2394 404 2455 hujus
413 2395 553 2457 pronominis
563 2410 605 2457 pro
616 2395 782 2443 nomineusur-
805 2410 852 2455 per
868 2398 1005 2443 amicitiam.
1038 2394 1210 2457 Compendium
1226 2394 1323 2458 scriptu·

270 2458 349 2520 pandi,
364 2472 417 2506 cum
433 2475 463 2506 ex
478 2460 620 2522 oppositione
635 2458 741 2521 intelligi,
753 2458 784 2506 ad
810 2475 843 2506 rae
858 2458 936 2509 locum
952 2458 1091 2522 corruptioni
1107 2459 1168 2519 lecit,
1187 2459 1249 2508 unde
1262 2475 1323 2524 sape

268 2521 332 2584 quod
342 2521 458 2578 referatur,
471 2533 560 2584 potest:
577 2525 726 2587 opponuntur
736 2524 784 2570 Dii
811 2524 859 2570 hac
875 2526 944 2572 verba
954 2524 1055 2573 confusa.
1088 2524 1144 2572 Vid.
1160 2523 1279 2572 Drakenb.
1292 2525 1324 2571 ad

269 2587 358 2646 etipse.
382 2586 579 2650 Sicsoepeiiraeci.
590 2588 681 2634 Auctor
693 2586 782 2635 Home·
810 2586 864 2635 niv.
885 2587 949 2652 Epir.
971 2590 1022 2647 84„
1050 2587 1121 2636 Eun.
1160 2588 1223 2636 Bnd.
1242 2590 1324 2636 Nwio

268 2650 338 2696 rus3.
347 2648 416 2696 Iliad.
430 2668 452 2697 a.
461 2651 661 2712 ψυχὰς-αὑτοὺς,
668 2653 729 2712 iprm
737 2651 753 2697 i.
762 2666 783 2698 e.
811 2652 897 2698 Prisco
902 2652 975 2713 peri.
987 2667 1007 2700 e.
1017 2654 1048 2700 ob
1058 2667 1105 2699 am.
1115 2655 1141 2700 S.
1152 2652 1190 2700 Sic
1200 2653 1222 2712 l,
1234 2652 1322 2714 Ἆρον

268 2726 369 2774 corpora
402 2712 473 2760 Eun.
660 2731 661 2736 ¹
810 2716 1056 2775 Maracanda.

302 2776 459 2836 Eufribarrir
477 2777 583 2824 Granius
600 2777 638 2837 S.]
660 2776 724 2825 Bud.
747 2780 783 2826 Et
844 2780 952 2839 Egnatia
975 2778 1127 2844 Maximilla]
1150 2779 1180 2825 ln
1202 2779 1260 2827 NN.
1284 2795 1324 2843 ap.

273 2839 392 2885 Tribunus
410 2839 491 2887 Gaias.
747 2900 749 2903 Ι
812 2841 927 2890 Ursinum
935 2843 1032 2891 occurrit
1039 2845 1159 2903 Egnatius
1170 2846 1323 2892 Maxumas.

305 2904 414 2950 Vanitate
437 2906 515 2950 critas
537 2901 654 2966 corrupit]
679 2903 783 2954 Faernus
810 2905 850 2954 Of.
861 2907 948 2969 Spanh.
958 2906 1145 2955 terrestrem.
1155 2916 1174 2954 t.
1184 2908 1270 2956 adias.
1285 2910 1324 2956 10.

269 2967 389 3013 vaheitatr
410 2966 501 3028 legebat
521 2983 564 3031 pro
586 2969 697 3025 varitate,
718 2970 782 3032 quod
809 2985 834 3033 p.
845 2971 884 3026 71.
1167 2990 1169 2999 ·

269 3029 369 3104 lirrinus
383 3031 503 3092 probabat.
545 3031 669 3080 Probarem
687 3041 710 3080 et
730 3047 782 3094 ego,
843 3036 930 3098 Bastar
946 3037 1037 3100 Crisp]
1055 3035 1118 3083 Flor.
1131 3034 1195 3082 Bud.
1211 3036 1325 3099 Rustica.

269 3107 289 3139 ει
309 3093 363 3140 lrbu
384 3094 517 3142 auctoritate
541 3095 658 3144 niteretm.
697 3097 783 3145 Sensus
811 3096 868 3161 Agr.
890 3101 1009 3161 Raffriar.
1051 3099 1098 3148 Sed
1114 3115 1137 3148 v.
1161 3099 1199 3159 12,
1222 3102 1261 3147 42.
1278 3100 1325 3159 la,

265 3156 490 3204 enimoommodus:
509 3171 570 3206 mors
579 3159 784 3222 paullopostcon·
811 3164 853 3210 ts.
978 3204 982 3208 ,

268 3219 445 3267 scautairritam
455 3221 544 3270 veniam
555 3223 616 3270 facit.
648 3223 784 3286 Sedvulga-
854 3227 1024 3289 Qaoeatraqac
1036 3230 1142 3289 gloriam
1176 3232 1181 3243 '
1227 3227 1325 3289 aurare]

263 3289 324 3330 *tum*
331 3280 412 3331 eodem
422 3285 492 3332 modo
503 3286 680 3360 accipere-licet:
699 3301 783 3350 quam·
812 3291 851 3338 Sic
860 3290 967 3340 dedimus
977 3307 991 3340 e
1006 3293 1079 3340 Mss.
1090 3301 1114 3340 et
1128 3242 1249 3340 addulam.
1259 3293 1325 3339 Ante

269 3360 341 3420 quam
357 3349 567 3422 vadumoaaitatc
583 3350 670 3412 aliquid
681 3351 783 3414 amplius
811 3363 860 3402 erat
875 3357 917 3414 cir,
934 3356 996 3418 quod
1018 3355 1066 3404 sive
1086 3371 1141 3404 casu
1157 3355 1255 3419 irrepsit,
1276 3355 1324 3403 sive

268 3409 369 3482 indicare
386 3411 484 3470 ridetur,
504 3427 588 3476 nempe
604 3413 629 3459 in
648 3429 695 3476 quo
714 3416 783 3478 culpa
810 3419 880 3482 culpa
890 3420 947 3479 ejus,
958 3420 1000 3482 qui
1013 3420 1058 3467 hoc
1071 3420 1101 3467 ad
1117 3420 1240 3482 utramque
1255 3419 1325 3483 perti-

268 3471 314 3520 furt
332 3473 407 3529 Statii,
432 3483 459 3522 ut
480 3477 550 3524 sensit
571 3477 639 3524 etiarn
657 3477 783 3526 Mullenrs.
809 3497 865 3529 nere
880 3485 984 3545 putabat.
1030 3483 1137 3530 Primum
1154 3483 1228 3546 reperi
1243 3483 1267 3529 in
1286 3483 1323 3530 ed.

268 3537 341 3583 Eun.
376 3553 378 3557 ·
806 3546 878 3608 «lips.
898 3545 939 3592 sed
955 3547 1010 3594 sine'
1019 3546 1182 3594 admonitione.
1214 3549 1275 3610 Ejus
1290 3554 1324 3594 et·

292 3601 348 3673 ‘Sed
363 3607 380 3648 t.
397 3603 601 3668 existimarentur]
622 3603 681 3652 Haec
698 3614 731 3653 est
748 3606 782 3653 le-
811 3611 859 3656 iam
880 3609 999 3658 Broterius
1019 3611 1098 3658 edidit.
1142 3611 1252 3660 Ceterum
1276 3625 1324 3658 non

268 3669 314 3736 ctio
330 3664 435 3711 omnium
457 3667 593 3729 scriptarum
614 3676 637 3715 et
658 3668 710 3716 edd.
729 3679 783 3717 ante
812 3688 903 3736 negem,
923 3674 981 3721 mihi
999 3691 1050 3735 quoe
1064 3682 1171 3736 atraque
1179 3674 1272 3722 duriora
1290 3674 1347 3721 vi-'

270 3725 403 3775 Prchenam.
453 3731 637 3778 Eattmarentar
663 3731 692 3780 de
718 3747 783 3781 more
804 3733 867 3784 deri.
911 3737 944 3784 Et
962 3753 1072 3801 quorsum
1096 3739 1201 3786 additum
1227 3746 1327 3799 urracae

263 3789 432 3917 'segrgptp’ffl
449 3791 613 3904 liggengssugle.
633 3796 783 3908 poussqugnpt
811 3799 932 3911 dizmuutp?
953 3802 995 3848 An
1005 3802 1065 3866 forte
1079 3802 1125 3850 fuit
1134 3802 1260 3913 abactam
1274 3817 1325 3849 ma·

947 3880 975 3912 ur
1007 3882 1057 3912 r.-
1074 3883 1111 3914 aoe
1204 3881 1325 3913 manaa-

268 3925 335 3964 cture
345 3918 409 3966 dedit
423 3923 591 3968 exterrerentur
599 3937 607 3978 ,·
624 3922 687 3984 quod
701 3876 783 3972 omries
799 3879 873 3974 'Sira
910 3880 1006 3976 iiiam?
1015 3881 1078 3977 Buri.
1090 3882 1148 3994 rejair.

256 3989 320 4056 ,post
330 3996 385 4028 eum
395 3982 494 4042 edidere,
510 3999 564 4032 cum
581 3985 610 4032 sit
625 3983 655 4033 'ab
671 3987 783 4035 sententia
848 3993 989 4052 Verginiam
1005 3994 1111 4058 Rasum]
1128 3993 1229 4042 Mauras
1243 3993 1324 4042 locun

269 4045 380 4092 Menum.
421 4047 509 4095 Sinon
524 4047 622 4095 oderunt
641 4049 781 4114 Principem,
812 4068 937 4118 cenoeoque
965 4056 1071 4106 immissa
1102 4073 1157 4106 voce
1191 4057 1325 4120 legendum,

269 4109 518 4184 quarenextimenturi
560 4112 597 4158 At
613 4112 681 4160 etiam
698 4114 714 4160 ii
736 4129 784 4162 non
819 4119 1139 4179 argentomacum-tontum
1147 4122 1260 4184 Rufum
1276 4130 1327 4180 aut,
1362 4143 1366 4148 ·

268 4171 364 4233 ferendi,
376 4181 544 4236 qur‘putantur
554 4175 629 4222 odisse
643 4176 782 4240 Principem.
817 4183 957 4243 Verginiam
972 4189 996 4231 ct
1009 4185 1113 4246 Rasum.
1145 4185 1206 4234 Ecce
1221 4185 1284 4232 enim
1298 4183 1329 4232 de

269 4232 340 4308 llum
370 4236 784 4288 Rhembeneectimareaturreddi·
812 4245 923 4293 Musonio
942 4259 1046 4296 caussam
1064 4249 1143 4297 statim
1164 4249 1262 4312 subiecit
1277 4249 1328 4308 ejus

270 4296 510 4372 drteatrtimarrrttar.
543 4301 784 4366 Bip.praeleruntcx·
811 4308 890 4370 pulsi:
907 4309 990 4358 etDio
1004 4313 1045 4372 62,
1060 4314 1102 4368 27.
1117 4322 1209 4361 narrata
1222 4314 1329 4373 conim-

270 4367 416 4438 trmreatar.
436 4428 442 4439 .
809 4372 880 4430 tione,
890 4373 980 4436 Ῥοῦφος
991 4377 1065 4434 μέντοι
1077 4379 1208 4436 Μουσώνιος,
1219 4377 1304 4441 inquit,
1317 4380 1327 4424 i

302 4425 384 4471 Nom
394 4427 576 4494 Procoprra]
594 4429 623 4478 In
635 4430 690 4481 MS.
702 4433 781 4482 Guelf.
809 4439 932 4498 φιλόσοφος
949 4438 983 4488 tri
1002 4439 1086 4494 τούτοις
1103 4441 1244 4502 ἴφυγαδιύθη.
1281 4440 1330 4488 Sed
