3042 4950
253 254 403 332 reso]
607 254 685 313 nin.
704 252 792 312 xm.
814 253 960 313 cano.
1248 208 1320 314 rei

234 408 236 413 ¹
254 418 392 497 collium,
406 418 494 496 ut‚'si
507 416 603 481 bostis
613 416 801 493 intravisset,
810 416 913 480 fronte
927 412 1065 479 simulet
1077 414 1149 479 sinu
1160 416 1317 503 excipere·

255 518 317 570 tur.
361 502 533 567 Adsultare
552 524 591 565 ex
610 499 732 565 diverso
748 499 918 576 Tiridates,
937 521 999 562 non
1019 520 1120 585 usque
1138 501 1186 565 ad‘
1195 504 1316 589 jactum

255 589 321 667 teli,
332 588 386 653 sed
401 603 468 654 tum
483 586 639 664 minitans,
651 597 720 651 tum
731 586 831 672 specie
842 583 1070 672 trepidantis,si
1081 585 1185 661 laxare
1195 586 1319 651 ordines

257 689 288 747 et
305 672 442 737 diversos
460 673 627 737 consectari
647 687 759 758 posset.
803 671 871 735 Ubi
885 668 963 733 nibil
977 669 1148 734 temeritate
1168 671 1318 750 solutum,

256 782 313 822 nec
327 758 460 844 amplius
474 780 569 844 quam
583 758 721 823 Decurio
735 756 888 843 equitum,
903 754 1070 820 audentius
1087 777 1269 841 progressus
1286 768 1319 821 et

257 843 376 929 sagittis
396 845 547 921 confixus,
569 858 685 908 eeteros
706 843 748 907 ad
767 842 953 929 obsequium
971 839 1113 928 exemplo
1131 841 1319 920 firmaverat,

257 929 369 1015 propin
393 929 441 993 uis
450 930 518 1015 jam
534 929 667 993 tenebris
680 928 833 992 abscessit.
1171 935 1173 938 '

302 952 403 1101 XLf..
434 1017 480 1081 Et
507 1014 656 1092 Corbulo,
678 1026 778 1078 castra
797 1012 831 1076 in
851 1012 920 1077 loco
941 1023 1086 1091 metatus,
1107 1035 1149 1076 an
1169 1011 1320 1099 expeditis

257 1099 432 1185 legionibus
450 1114 540 1164 nocte
554 1102 710 1163 Artaxata
711 1120 784 1246 per
824 1109 881 1176 ret,
902 1090 1085 1183 obsidioque
1104 1096 1321 1178 circumdaret,

257 1184 398 1269 agitavit,
418 1184 600 1265 concessisse
618 1183 693 1247 illuc
744 1183 782 1246 iri
824 1194 876 1246 ten
897 1195 993 1245 ratus.
1038 1184 1132 1261 Dein,
1155 1206 1211 1270 pos
1247 1207 1321 1249 uam

259 1292 298 1333 ex
322 1268 468 1333 loratores
485 1268 627 1333 adtulere
647 1267 893 1355 “longinquum
913 1266 1013 1352 Regis
1030 1267 1099 1345 iter,
1114 1281 1157 1345 et,
1172 1270 1209 1331 M
1252 1269 1262 1330 i
1281 1292 1322 1333 an

346 1354 379 1417 ni
392 1366 580 1441 peterentur,
595 1354 778 1431 incertum,”
791 1354 892 1417 lucem
907 1351 1084 1437 opperitur:
1101 1352 1322 1439 praemissaque

258 1438 335 1503 levis
356 1453 521 1517 armatura,
537 1464 609 1526 ques
624 1458 729 1503 muros
742 1439 868 1503 interim
886 1436 1029 1515 ambiret,
1043 1437 1323 1524 oppugnationem-

262 1547 325 1611 que
339 1525 459 1591 eminus
472 1524 630 1611 inciperet.
658 1523 894 1610 Sedqoppidani
909 1522 1007 1610 portis
1022 1535 1131 1609 sponte
1149 1524 1321 1611 patefactis,

261 1632 293 1673 se
307 1634 425 1697 suaque
439 1611 586 1675 Romanis
599 1610 784 1697 pennisere:
809 1608 895 1695 quod
909 1608 1041 1672 salutem
1054 1608 1129 1693 ipsis
1143 1607 1227 1683 tulit.
1253 1610 1324 1674 'Ar-

235 1716 238 1729 '
260 1696 374 1779 taxatis
387 1696 467 1781 ignis
480 1696 635 1774 inmissus,
649 1694 814 1843 deletaque
827 1708 860 1758 et
873 1692 938 1757 solo
951 1692 1118 1841 adaeqqpta
1131 1708 1225 1769 sunt3
1248 1695 1325 1780 quia

260 1803 318 1853 nec
331 1782 439 1858 teneri,
455 1781 519 1846 sine
532 1780 636 1845 valido
654 1803 743 1867 praest
771 1780 810 1858 'o‚
824 1780 867 1843 ob
884 1779 1025 1863 magnitu
1049 1778 1056 1790 ’
1081 1788 1130 1843 er'n
1149 1780 1321 1855 moenium;

261 1888 318 1929 nec
331 1866 365 1931 id
377 1866 467 1930 nobis
476 1866 591 1933 virium
603 1878 680 1945 erat,
689 1867 775 1951 quod
787 1864 940 1948 firmando
952 1864 1109 1950 praesidio,
1120 1875 1151 1928 et
1165 1887 1201 1928 ca
1224 1926 1226 1928 ,
1287 1889 1322 1930 n-

262 1950 304 2015 do
320 1951 403 2015 bello
421 1951 630 2017 divideretur:
653 1951 713 2029 vel,
730 1952 755 2014 si
773 1951 894 2035 integra
914 1961 946 2012 et
966 1948 1153 2015 incustodita
1171 1951 1223 2017 re'
1248 1974 1325 2037 que-

262 2036 482 2116 renturgnulla
495 2038 528 2100 in
542 2062 580 2101 eo
591 2036 720 2113 utilitas,
731 2049 787 2100 aut
799 2034 909 2121 gloria,
921 2034 1008 2119 quod
1021 2048 1112 2120 capta
1121 2047 1231 2108 essent.
1252 2036 1325 2100 Ad-

261 2121 369 2207 jicitur
383 2122 578 2199 miraculum,
590 2121 677 2186 velut
687 2120 827 2187 Numine
840 2119 1000 2184 oblatum:
1015 2140 1089 2182 nam
1099 2134 1212 2185 cuncta
1224 2133 1324 2200 extra,

264 2208 352 2270 tectis
365 2219 467 2285 tenus,
483 2206 546 2271 sole
564 2205 706 2270 inlustria
719 2206 807 2272 fuere
818 2231 832 2279 3.
875 2204 938 2269 uod
955 2204 1111 2270 moenibus
1128 2201 1323 2291 cingebatur,

263 2290 307 2355 ita
319 2304 445 2379 repente
459 2304 528 2357 atra
540 2291 624 2357 nube
634 2304 826 2377 coopertum,
836 2289 870 2353 fu
883 2288 1077 2375 guribusque
1087 2289 1255 2356 discretum
1266 2309 1324 2372 est,

264 2394 312 2455 ut,
327 2378 415 2463 quasi
429 2376 655 2441 infensantibus
668 2376 755 2453 Deis,
770 2374 865 2439 exitio
880 2373 962 2438 tradi
974 2366 1162 2439 eiederetur.
1192 2377 1244 2441 Ob
1257 2378 1325 2444 haec

265 2463 475 2530 consalutatus
493 2466 671 2551 Imperator
688 2463 792 2528 Nero:
817 2484 857 2528 ex
878 2460 1151 2528 senatusconsulto
1171 2469 1192 2500 “
1207 2462 1327 2550 suppli·
1364 2552 1368 2564 .

263 2667 415 2728 productiore
425 2683 498 2716 cornu
509 2669 614 2716 einim.
633 2667 671 2716 Cf.
682 2667 781 2716 etMod.
811 2674 898 2715 murs
914 2665 970 2726 aive,
985 2665 1049 2728 qnod
1062 2666 1088 2714 in
1102 2667 1166 2716 Flor.
1181 2683 1230 2716 esse
1247 2675 1327 2732 men

267 2746 303 2794 ep.
315 2734 354 2780 99.
812 2730 890 2789 didici,
903 2732 976 2778 ueta.
999 2731 1125 2780 Sententia.
1148 2734 1224 2780 Extra
1234 2735 1325 2792 orbern,

302 2798 330 2844 Si
350 2798 430 2844 laem
449 2796 528 2861 orde]
550 2797 575 2864 Si
592 2795 679 2846 efficere
695 2804 782 2860 posset,
813 2811 888 2858 usque
905 2794 935 2842 ad
953 2802 1014 2843 tecte
1030 2795 1166 2860 domusque,
1185 2798 1265 2846 omnia
1279 2797 1328 2845 oola

270 2868 297 2934 pt
308 2860 410 2934 Romani
426 2859 517 2908 ordines
532 2863 644 2937 laaarent,
656 2877 683 2908 so
699 2859 783 2908 deinde
813 2859 910 2922 liquida.
919 2858 993 2907 ers.
1004 2859 1157 2935 quteriorem
1165 2862 1328 2909 correctionem

269 2924 448 3052 stlte?
455 2932 784 3049 irritarent-’tt
815 2923 1329 3053 ffittt'tfflttffi

270 3067 312 3114 pro
322 3055 479 3114 obsidioneque
490 3054 596 3118 Ryckins
610 3063 633 3102 et
643 3055 668 3102 J.
681 3055 785 3128 Gronors.
816 3051 870 3127 edd.
881 3052 968 3099 habent
980 3057 1040 3126 tecto
1055 3053 1174 3101 Maur.
1197 3056 1329 3110 Hactenus.

271 3126 432 3228 aare
445 3117 786 3241 ...rr
815 3115 987 3242 attala
1004 3132 1053 3228 u
1067 3116 1330 3232 trasna

275 3245 398 3306 obsidium
406 3245 490 3307 sepius
497 3246 601 3302 Tacitus,
610 3261 680 3310 quam
689 3247 784 3293 obsideo.
816 3244 901 3293 babere
910 3251 987 3308 potest
995 3261 1002 3290 ε
1015 3244 1162 3309 primamque
1167 3246 1281 3309 syllabam
1289 3263 1331 3295 na-

271 3307 343 3355 Enu.
377 3310 473 3356 Obsidio
484 3319 507 3358 et
517 3312 577 3373 Agr.
588 3309 651 3357 Bur.
663 3312 786 3360 obediens.
817 3307 866 3356 'tam
884 3324 933 3356 esse
949 3309 1046 3357 arbitror
1063 3325 1076 3356 e
1092 3310 1168 3373 prima
1181 3310 1206 3358 in
1222 3317 1281 3359 tecto
1294 3312 1331 3360 vel

304 3373 451 3437 Audentius]
464 3373 522 3421 Cod.
534 3378 595 3437 Agr.
606 3373 734 3422 ardentius.
818 3375 892 3420 tectis.
928 3374 1005 3419 Tereus
1023 3372 1131 3436 jungitur
1149 3374 1244 3436 quidem
1260 3376 1332 3424 inter·

305 3437 360 3484 Solo
369 3435 472 3500 aquato]
483 3437 528 3485 Ed
541 3454 577 3501 pr.
586 3438 786 3502 odoeqaete‚quod
817 3437 874 3484 dum
886 3435 957 3484 etiam
969 3437 1114 3485 masevo:
1129 3437 1170 3486 sed
1183 3439 1240 3502 quia
1253 3447 1332 3488 tamen

272 3501 371 3563 recipere
390 3515 437 3548 non
455 3501 566 3557 dubitavi,
586 3517 640 3551 cum
657 3502 687 3549 sit
703 3501 787 3550 Tacito
818 3501 873 3548 MS.
888 3500 951 3548 Flor.
965 3501 1026 3547 clare
1041 3504 1108 3549 testie
1121 3502 1199 3561 babet,
1215 3501 1260 3550 boc
1273 3519 1332 3567 pra·

273 3565 384 3612 usitatum
397 3567 501 3613 verbnm.
531 3566 587 3614 viu
605 3569 644 3626 12,
655 3567 696 3614 60.
710 3566 750 3623 15,
761 3569 785 3614 9.
817 3564 1013 3628 ferendnmputo.
1036 3565 1108 3614 Ena.
1133 3566 1197 3614 Bud.
1208 3573 1268 3614 ecta
1276 3569 1333 3616 Irae·

272 3636 315 3674 etc.
351 3629 431 3676 Etiam
451 3629 507 3678 niv.
523 3632 545 3691 l,
565 3633 606 3680 29.
626 3631 705 3678 omnio
726 3636 787 3678 tecto
819 3635 892 3676 troas.

273 3693 380 3753 adaquat
390 3694 446 3752 solo,
458 3702 482 3741 et
492 3695 538 3742 alii.
571 3695 643 3743 Ean.
776 3725 780 3733 -
849 3695 999 3756 Folgartbas
1020 3693 1160 3760 recreem]
1185 3695 1275 3745 Modus
1298 3697 1334 3746 lo·

238 3795 242 3810 ,
308 3759 370 3809 Quia
381 3761 517 3822 nectem]
527 3759 634 3808 Verbum
642 3758 713 3818 deest,
725 3758 788 3807 unde
819 3757 906 3820 quendi
920 3758 1003 3805 dumus
1019 3758 1130 3821 spoetis,
1145 3759 1186 3824 qui
1200 3759 1332 3824 fulguribus

273 3819 372 3886 pendeat
388 3823 479 3870 teneri.-
496 3822 558 3871 unde
575 3823 671 3872 Grotius
686 3822 789 3870 malebat
818 3821 890 3870 roba
900 3823 976 3870 deviat
986 3821 1074 3870 dictant.
1091 3822 1174 3872 Horat.
1185 3823 1213 3872 0.
1225 3827 1248 3884 l,
1259 3827 1299 3874 34.
1309 3828 1333 3873 ὅ.

274 3891 359 3945 terrere,
372 3892 400 3932 ut
409 3885 530 3934 referretur
540 3887 570 3936 ad
580 3894 640 3936 eret.
658 3887 704 3935 Sed
713 3894 789 3950 potest
819 3885 942 3948 Diespiter
953 3887 1006 3948 igni
1016 3901 1110 3933 corusco
1119 3889 1199 3935 nubilo
1206 3891 1331 3946 divideres,-

274 3947 372 4012 intelligi
384 3957 504 4012 poterant,
524 3951 587 4016 quod
603 3953 629 4000 in
646 3966 709 4016 seqq.
729 3965 788 4016 quo-
820 3957 844 3997 et
853 3951 887 3998 sie
898 3965 959 4014 sape
972 3950 1020 3998 alii.
1030 3949 1085 4000 MS.
1098 3951 1178 4001 eunt
1187 3953 1334 4015 fulgoribus.

275 4011 400 4061 mmmodo
410 4013 474 4064 latet.
504 4015 576 4066 Ense.
820 4011 893 4063 Ean.

311 4078 380 4126 Velut
395 4081 505 4129 Numine
519 4081 632 4146 oblatam]
648 4080 789 4130 Famesiano
854 4079 890 4126 ot
899 4079 949 4127 bae
965 4081 1121 4129 wodanem
1136 4079 1213 4144 Imp]
1227 4081 1334 4131 Primum

278 4267 362 4316 dieitur
373 4273 488 4322 Numine.
516 4226 617 4322 Eamp
696 4226 760 4273 quq
818 4225 884 4336 iquod
901 4287 944 4336 per
962 4272 1125 4334 compendium
1141 4283 1190 4324 erat
1205 4279 1295 4338 Imper.
1309 4276 1334 4324 id

274 4337 277 4342 '
313 4335 404 4382 Cuncta
414 4343 481 4384 extro
493 4343 550 4384 tecto
560 4339 670 4386 basterna
678 4340 723 4388 sole
733 4339 790 4386 tus·
822 4337 846 4384 in
857 4337 893 4385 ed.
903 4352 939 4399 pr.
949 4345 984 4384 est
998 4351 1088 4398 seper:
1109 4338 1158 4386 sire
1171 4339 1196 4386 in
1206 4339 1262 4388 MS.
1274 4339 1333 4388 illut

276 4399 338 4446 atrio
348 4398 434 4464 suere]
452 4399 522 4464 Puto,
540 4409 621 4451 cundo
637 4408 713 4466 estro,
730 4408 790 4451 tecto
822 4400 965 4462 unaminit,
973 4399 1240 4465 siredeseriptoreodicis
1246 4403 1331 4451 intulit.
