3042 4950
260 233 296 290 u
658 228 898 290 insumunt
1141 228 1187 308 [A.
1202 247 1234 292 u.
1248 234 1318 290 sos.

254 389 363 460 uddito
371 392 601 479 percrebuisse:
616 413 733 458 morem
747 391 986 472 adoommodnri,
1001 406 1096 482 prout
1109 392 1316 475 condumum

253 479 321 543 fore
334 478 394 542 hoc
427 501 530 563 noque
542 477 577 540 in
590 477 649 557 his,
664 502 737 564 quae
750 501 824 542 mox
837 480 1057 565 usurpentur.”

296 564 381 629 VII.
439 561 503 626 eud
517 562 655 641 defuere,
672 565 728 649 qui
742 564 893 641 certatim,
909 572 929 602 “
942 565 969 626 si
982 575 1180 628 cunctaretur
1195 566 1313 642 Caesur,
1365 571 1371 580 '

253 650 285 713 vi
298 649 437 712 acturos”
452 647 658 725 testificantes,
674 660 872 734 erumperent
882 649 979 714 curia.
1013 649 1228 734 Conglobutur
1240 671 1313 736 pro-

253 735 371 812 miscua
384 732 564 811 multitudo,
587 739 609 772 “
625 733 847 818 Populumque
867 735 1048 797 Romanum
1068 734 1176 798 eudem
1195 735 1313 812 orare,”

252 817 397 882 clamitet.
431 817 501 882 Nec
510 817 662 882 Claudius
674 818 757 881 ultre
770 829 958 903 exspectato,
967 818 1095 883 obvium
1109 819 1195 905 apud
1208 821 1312 883 sorum

252 903 372 989 praebet
398 926 429 966 se
450 903 661 988 gratantibus:
692 905 904 988 Senatumque
925 903 1089 987 ingressus,
1113 904 1312 968 “decretum

252 986 469 1086 postulat,quo
475 988 572 1072 justae
581 988 794 1074 interpatruos
803 987 997 1073 fratrumque
1005 988 1084 1051 filius
1092 990 1312 1074 nuptiaeetiam

253 1079 466 1157 inposterum
486 1073 722 1136 statuerentur.'’
766 1071 881 1156 Neque
897 1086 1000 1136 tumen
1019 1085 1160 1159 repertus
1177 1087 1234 1152 est,
1253 1073 1310 1137 nisi

253 1179 346 1235 unus,
370 1156 440 1220 tulis
458 1157 643 1222 matrimonii
664 1157 797 1243 cupitor,
819 1159 860 1221 Τ.
876 1156 1021 1220 Alledius
1040 1161 1182 1236 Severus,
1203 1160 1311 1244 Eques

253 1241 428 1318 Romanus,
439 1264 532 1327 quem
543 1241 693 1328 plerique,
705 1242 918 1328 “Agrippinae
926 1243 1027 1328 gratia
1036 1242 1310 1328 inpulsum,”fere·
1327 1305 1333 1312 ,

251 1325 338 1390 bant.
382 1325 483 1390 Versa
496 1349 535 1390 ex
550 1351 586 1390 eo
601 1327 718 1404 civitas,
734 1339 766 1390 et
778 1340 890 1391 cuncta
904 1327 1027 1390 feminae
1040 1327 1235 1407 obediebant,
1247 1351 1310 1392 non

326 1409 493 1489 lasciviam,
515 1425 552 1475 ut
572 1411 761 1489 Messallinu,
777 1413 871 1475 rebus
890 1412 1042 1475 Romanis
1059 1411 1230 1476 inludenti:
1244 1414 1310 1478 ud·

251 1434 383 1559 librum
398 1508 429 1560 et
443 1496 531 1592 qussi
545 1496 632 1559 virile
647 1496 827 1562 servitium:
850 1496 952 1582 polam
967 1496 1120 1575 severitus,
1140 1520 1175 1560 uc
1198 1499 1310 1583 saepius

253 1579 414 1666 superbie:
437 1581 515 1644 mhil
529 1581 613 1644 domi
631 1581 663 1644 in
686 1581 827 1659 udicum,
842 1582 901 1645 nisi
916 1580 1117 1644 dominationi
1131 1583 1306 1731 equdiret:

251 1665 366 1750 cupido
392 1666 461 1728 auri
489 1666 626 1729 inmensa
654 1605 818 1730 obtentum
846 1666 991 1744 habebat,
1020 1667 1108 1751 quusi
1138 1689 1175 1729 su
1211 1668 1309 1732 idium

250 1771 349 1836 regno
404 1762 532 1814 ruretur.

246 1841 250 1910 j
295 1834 361 1900 VII
382 1881 390 1898 .
418 1835 479 1900 Die
497 1837 680 1922 nuptiarum
698 1835 822 1902 Silanus
839 1837 897 1901 sibi
910 1851 1041 1902 mortem
1056 1836 1221 1901 conscivit:
1245 1837 1308 1899 sive

249 2000 329 2050 noxius
349 2002 372 2062 l,
388 2004 426 2051 19.
446 2002 474 2051 G.
506 2003 544 2052 De
561 2004 655 2066 nupti'n.
689 2004 766 2053 ers.
798 2006 888 2053 volebat
899 2005 968 2052 etium
979 2001 1162 2052 'forr-stuct
1175 1999 1309 2048 Claudio.

246 2068 340 2114 vAddltc
350 2066 427 2128 scripti
441 2075 463 2112 et
473 2065 525 2113 edd.
537 2081 630 2124 omnen
647 2075 670 2113 et
684 2083 765 2115 verum
797 2069 869 2115 Eun.
1200 2085 1203 2090 ·

249 2138 307 2192 puto
321 2143 374 2176 cunr
390 2128 556 2188 Freinshemio,
573 2144 615 2191 pro
629 2129 765 2191 procedente
831 2133 865 2177 Ut
875 2127 1026 2191 Messalina]
1043 2127 1117 2174 MSS.
1134 2137 1180 2175 tres
1196 2143 1235 2189 sp.
1248 2127 1309 2173 Bro-

248 2200 367 2256 ccmpores
384 2207 440 2240 mox
451 2207 519 2240 orurc
528 2192 577 2240 ood.
587 2193 625 2239 rt.
636 2192 714 2241 Oxou.
726 2195 762 2242 ed.
795 2194 877 2241 terium
888 2202 912 2240 et
919 2193 954 2239 sd
966 2190 1075 2239 Beronldi
1083 2193 1237 2248 Menullino,
1246 2190 1309 2252 quod

278 2290 285 2303 .
305 2265 328 2304 et
345 2265 424 2304 caeru
442 2265 495 2303 ante
512 2256 660 2315 Rhenanum,
680 2256 721 2320 qui
739 2260 764 2320 (e
859 2257 878 2303 it
889 2255 1022 2303 Broterius:
1039 2269 1086 2301 non
1102 2256 1176 2301 bene:
1193 2268 1235 2301 nec
1245 2254 1308 2300 enirn

248 2272 633 2381 llud)r0gorcsub'stituitErsn.
652 2320 762 2382 Plinll,
794 2272 894 2368 reced'ere
912 2327 986 2383 potest
1003 2321 1033 2365 nb
1052 2319 1190 2365 obediebant.
1222 2317 1308 2363 Sensus

250 2385 304 2432 1⁰8.
316 2385 397 2432 addita
408 2391 481 2432 oetutc.
644 2395 648 2412 ·
795 2394 837 2444 est,
855 2399 901 2431 non
917 2399 958 2447 per
977 2381 1095 2429 tunnam
1110 2381 1222 2428 illudebat
1240 2382 1308 2427 rebus

279 2450 409 2499 Decretum
423 2449 537 2514 postulor]
556 2449 656 2498 Zonaras
672 2450 711 2508 ll,
724 2452 762 2499 10.
796 2447 917 2507 Romanu,
928 2455 955 2496 ut
966 2445 1102 2495 Messallins
1111 2445 1202 2501 locust,
1212 2443 1252 2492 sed
1263 2452 1307 2493 etc.

246 2514 763 2573 Ψήφισμαέποιήσαντο,ἐξιῖναιῬωμαίοιςάδιλ-
795 2512 866 2559 Eltrl.

249 2574 426 2633 φιδᾶςοῖγισθαι.
459 2575 504 2622 Ait
519 2576 614 2623 Tacitus
625 2575 722 2623 fratrum
733 2577 761 2623 fi.
826 2578 954 2623 Addictum
965 2574 1042 2639 quusi]
1055 2573 1157 2621 Arbitrio
1164 2589 1225 2632 meo,
1235 2583 1309 2621 unns-

246 2638 304 2687 lius:
324 2647 347 2685 et
357 2638 433 2686 stricte
447 2639 538 2702 copim
555 2654 601 2687 non
617 2640 679 2686 enim
696 2640 761 2687 licuit
840 2649 908 2687 untur
915 2642 991 2696 verbu,
1000 2640 1224 2699 nddlcmmctquusi
1231 2640 1307 2684 virile.

246 2716 358 2751 sororum.
392 2702 463 2761 Quod
473 2704 560 2751 notovit
570 2710 673 2761 meurste
683 2712 706 2750 et
716 2703 761 2751 dit.
843 2702 1242 2763 tionisubiliendaemnnegoolim
1254 2701 1308 2749 scli-

244 2766 305 2826 fuse,
324 2774 437 2829 qusnmm
456 2767 510 2815 sutis
526 2775 567 2825 est,
586 2766 695 2828 Oujncius
710 2770 758 2815 obs.
792 2768 872 2823 dravi)
890 2775 932 2823 est,
944 2764 1008 2829 quod
1018 2764 1081 2828 opud
1091 2766 1189 2812 eundem
1199 2765 1308 2813 Tacitum

248 2830 288 2889 1³,
301 2832 338 2878 16.
351 2845 477 2894 quemnon
487 2831 595 2879 exsntbo.
623 2831 760 2879 Nessustu.
793 2829 823 2877 de
841 2830 905 2878 Mor.
922 2831 1002 2877 Germ.
1022 2831 1062 2876 43.
1081 2829 1200 2875 scribitur:
1230 2832 1307 2876 Trans

245 2892 275 2941 lit
285 2893 365 2941 Nerva
375 2894 418 2943 hoc
426 2894 472 2943 SC.
482 2904 509 2942 ut
519 2894 581 2943 idem
590 2910 643 2942 vers
649 2895 760 2957 interpre-
794 2895 885 2956 Lugios
897 2895 1012 2943 Gotlccncs
1022 2898 1159 2953 regnantur,
1167 2894 1308 2955 paullojam

187 3000 189 3005 ,
246 2957 332 3005 ῑαᾱοηο
349 2957 447 3020 collegit
479 2958 518 3006 De
532 2958 626 3007 Clsndii
641 2958 685 3007 hoc
701 2959 761 3007 lucto
792 2960 909 3005 uddlctlus
934 2972 1004 3018 quam
1028 2962 1109 3002 cctcroe
1134 2958 1308 3004 Germanorum

247 3019 360 3083 'llrsgicm
371 3020 469 3071 Octavia
482 3022 503 3081 1,
517 3023 570 3069 141.
605 3024 760 3084 Genltumquc
790 3029 878 3082 gentes,
887 3022 989 3068 nondum
1000 3027 1079 3067 tanuen
1088 3035 1161 3081 supra
1172 3022 1308 3067 libertatem.

237 3084 333 3145 scotris
348 3090 468 3149 conjugem
483 3092 564 3147 captus
576 3088 621 3133 ult
635 3088 704 3133 Tcrls
719 3103 759 3134 nc·
793 3086 845 3133 Noc
859 3085 953 3149 penitet
968 3092 1046 3131 nmen
1061 3098 1153 3145 prorsus
1165 3085 1308 3143 oonjecturae.

238 3150 324 3211 sanclis
333 3151 409 3211 flcllll
424 3152 510 3212 junruit
525 3152 598 3213 succ.-
620 3151 661 3197 ubi
677 3151 760 3199 melius
792 3147 1128 3211 adduetum,psaeserti1nquae
1143 3147 1247 3195 firmatur
1257 3148 1307 3195 eod.

244 3214 313 3277 leges,
328 3216 477 3276 genitumque
486 3216 570 3276 fratrc
585 3217 706 3277 conjugem
722 3230 760 3262 cu·
793 3214 856 3262 Bud.
868 3223 891 3261 et
902 3214 963 3260 Flor.
982 3212 1010 3258 de
1021 3226 1067 3274 quo
1078 3212 1183 3258 verbo'in
1200 3211 1233 3257 H.
1248 3214 1271 3269 3,
1284 3211 1307 3265 7.

241 3285 320 3340 plum.
352 3276 502 3326 Domitianus
512 3278 615 3325 imitatus
627 3278 760 3341 exemplum
794 3278 869 3325 lars.
903 3277 1041 3324 Adductum
1052 3277 1155 3333 etquosl
1166 3283 1201 3321 ost
1214 3276 1239 3321 in
1250 3274 1306 3322 MS.

245 3350 288 3401 est,
300 3342 341 3405 qui
347 3341 438 3391 lulium
446 3342 607 3391 hebuitfilium
614 3342 670 3389 Titi.
684 3343 760 3391 Inrs.
793 3342 872 3388 Guelf.
885 3341 920 3387 ed.
931 3356 966 3403 pr.
982 3340 1018 3386 At
1027 3337 1229 3395 Puteoluddltum
1240 3341 1307 3398 quusi

244 3446 248 3451 .
281 3406 525 3469 Tollcdluschcrus]
547 3408 574 3453 Τ.
586 3407 695 3453 Alledius
706 3408 760 3453 scri.
793 3412 816 3451 ct
832 3406 885 3462 vlu,
903 3404 996 3452 vitiosos
1019 3401 1082 3465 quod
1097 3402 1168 3449 semri
1182 3413 1236 3449 sunt
1252 3402 1308 3451 niv.

244 3470 290 3519 bc:
307 3478 331 3516 et
341 3469 389 3516 vidi
399 3470 520 3531 posterius
531 3469 600 3517 citare
610 3469 672 3517 hunc
682 3470 759 3518 locum
793 3468 900 3515 Berould
918 3476 942 3515 et
959 3466 1072 3514 Alriums
1116 3465 1163 3512 Sed
1180 3466 1307 3512 Rhenanus

245 3532 395 3584 Beroaldum.
419 3533 449 3580 In
456 3528 612 3581 monimentis
622 3533 701 3595 priscis
709 3534 759 3596 (ap.
792 3534 914 3579 addictum
924 3534 990 3592 quusi
1001 3538 1024 3577 ct
1035 3531 1112 3587 viculc,
1124 3538 1147 3576 et
1157 3544 1222 3591 seqq.
1234 3544 1307 3591 usque

173 3629 175 3638 ι
245 3596 314 3645 Grut.
329 3611 352 3658 p.
364 3598 420 3655 667,
432 3598 468 3651 2.)
485 3612 516 3645 ir.
527 3610 627 3645 unnim
644 3596 669 3644 in
685 3598 759 3645 Juve-
793 3596 823 3642 nd
841 3597 975 3643 Pichennm.
997 3595 1068 3642 ΕΜ.
1101 3592 1163 3639 Bud.
1181 3594 1306 3640 adductum

244 3660 293 3707 nuli
303 3663 328 3718 5,
342 3661 472 3711 llll-titt
482 3664 538 3709 huic
541 3662 702 3723 frumentum,
714 3663 759 3709 Al-
792 3663 859 3721 quusi
869 3668 892 3707 ct
903 3677 924 3706 u.
936 3676 956 3705 s.

244 3725 320 3775 lecim
330 3726 416 3785 lnquit.
448 3724 520 3783 Quod
535 3734 611 3772 noster
621 3740 695 3772 unum
707 3725 760 3772 imi-
824 3724 1035 3785 Dicnuptiucum]
1046 3720 1175 3783 Maluergo
1183 3720 1306 3779 disdnctiru

245 3797 341 3839 uuum
358 3787 447 3835 sceleris
468 3791 518 3850 ejus
539 3788 610 3846 lucit5
637 3789 760 3837 Suetonius
792 3785 1200 3842 ethistoriaevitinndae,inSuetonio
1208 3784 1307 3832 obtinuit

245 3852 411 3915 domusqui
427 3851 485 3901 duos
501 3869 520 3901 c.
533 3855 572 3901 26.
605 3853 698 3913 Noster,
712 3868 759 3901 cre·
792 3853 833 3899 29.
864 3854 961 3899 Silanus
971 3852 1077 3897 abdicare
1091 3850 1307 3908 scProeturu,mc·

245 3918 284 3975 do,
295 3932 342 3965 non
352 3915 435 3973 habuit
449 3932 508 3965 euru
518 3918 593 3965 nescio
603 3932 672 3979 quem
684 3932 760 3965 recen-
792 3918 860 3976 rique
881 3917 950 3962 initio
971 3916 1029 3961 unul
1047 3919 1145 3960 roudus.
1184 3913 1233 3958 Du
1256 3913 1307 3971 ΞΜ

244 3980 444 4033 noeubeninum.
476 3981 552 4030 Vocst
568 3982 637 4029 etiam
648 3981 760 4044 Equitem
795 3980 892 4027 Claudii
912 3985 935 4024 ct
956 3979 1099 4039 Agripplnae
1120 3977 1258 4035 nuptiarum
1279 3976 1306 4021 in

244 4046 275 4093 R·
288 4061 357 4109 quem
368 4044 595 4109 illePrimipilurem.
631 4045 683 4092 Nec
695 4047 760 4093 aber·
792 4044 1039 4103 quinquccttn‘glnla
1051 4042 1172 4088 Senatores
1182 4044 1305 4085 trecentos-

151 4118 154 4125 '
243 4118 288 4167 rat,
306 4109 416 4172 quonium
433 4110 502 4173 primi
521 4110 563 4173 pili
582 4124 657 4155 comes
675 4108 760 4170 gradu
791 4106 947 4166 quccmpliur
955 4107 1053 4165 Equites
1063 4103 1236 4175 unicnodvcrtjt.
1252 4100 1306 4165 Ap.

245 4173 373 4235 Equestris.
401 4172 517 4223 Martialis
525 4175 549 4234 6,
558 4176 598 4220 58.
626 4174 660 4219 Et
673 4173 759 4235 rcfltrcs
790 4185 847 4232 age:
864 4168 931 4215 nullo
942 4168 1013 4216 eudes
1023 4166 1121 4230 nuptiali
1134 4166 1183 4225 ejus
1191 4164 1306 4224 deterso,

240 4236 288 4297 plll
295 4238 397 4296 prumia
407 4239 486 4285 clarus
493 4253 566 4298 equus.
584 4238 658 4284 ers.
684 4236 757 4282 Rece-
790 4234 908 4295 scribeque
917 4234 985 4278 inlito
992 4234 1050 4278 anni
1059 4236 1158 4288 mnus,
1169 4231 1206 4277 (lic
1213 4230 1307 4290 tpeot‘l

214 4306 217 4315 '
245 4312 298 4362 pere
316 4298 421 4361 Ryclsius
434 4311 458 4351 et
476 4302 586 4362 Pichenu,
605 4308 628 4347 et
646 4299 702 4347 eliis
727 4298 759 4365 ric
790 4294 1305 4359 clAg.nrcpticrum.lnquinquc,etc.litrs
