3042 4950
222 186 375 263 nass]
602 187 937 246 memnones.
1015 226 1017 229 .
1241 192 1292 246 rar
1335 157 1341 161 ’

223 346 1292 435 nibusadmoveri,legionesqueipsaspropiusArmeniamconlocari,’'

217 432 329 517 jubet:
351 442 372 472 ‘⁶
381 433 524 519 duosque
533 444 650 497 veteres
662 433 777 518 Reges,
789 432 968 518 Agrippam
977 446 1008 496 et
1016 432 1220 509 Antiochum,
1235 457 1288 497 ex-

222 518 329 602 pedire
352 517 464 603 copias,
488 516 558 604 quis
583 516 775 583 Parthorum
799 518 876 581 fines
896 516 979 579 ultro
999 516 1166 581 intrarent:
1194 518 1286 581 simul

221 614 331 688 pontes
344 625 401 688 per
411 626 534 667 amnem
544 604 742 690 Euphratem
746 604 852 689 jungi
885 603 931 666 Et
941 601 1092 666 minorem
1102 604 1286 667 Armeniam

220 686 416 766 Aristobulo,
431 688 589 775 regionem
599 688 776 775 „Sophenen
796 688 931 753 Sohemo
953 710 1025 751 cum
1039 687 1214 773 insignibus
1235 710 1285 751 re-

219 770 279 858 giis
300 772 457 846 mandat.''
510 774 715 860 Exortusque
736 775 770 839 in
792 786 931 861 tempore
960 773 1093 837 aemulus
1116 772 1284 858 Vologeso‚

221 857 304 921 filius
319 858 499 938 Vardanes3
523 872 555 924 et
565 860 735 925 abscessere
750 860 903 923 Armenia
917 858 1038 937 Parthi,
1051 872 1211 943 tamquam
1226 857 1286 921 dif-
1343 861 1345 865 ’

221 942 338 1011 ferrent
351 942 477 1009 bellum.
1208 970 1211 973 ⁴

262 1028 361 1093 VHI.
390 1030 452 1093 Sed
470 1030 556 1117 apud
576 1030 848 1114 Senatumvomnia
865 1032 899 1093 in
917 1031 1020 1116 majus
1040 1027 1193 1093 celebrata
1211 1040 1284 1092 sunt

220 1114 379 1178 sententiis
393 1138 510 1193 eorum,
529 1115 586 1212 qui
607 1122 701 1200 “sup
723 1114 891 1192 licationes,
912 1127 944 1179 et
961 1115 1072 1179 diebus
1087 1113 1284 1200 supplicatio-

218 1221 297 1263 num
310 1210 428 1263 vestem
439 1199 579 1285 Princrpi
593 1198 711 1286 triump
765 1222 825 1279 em,
837 1223 860 1263 u
897 1224 938 1263 ue
950 1222 1047 1262 ovans
1060 1200 1171 1262 urbem
1181 1199 1283 1275 iniret,

218 1281 398 1371 effigiesque
410 1284 489 1369 ejus,
499 1284 568 1371 pari
579 1284 795 1372 magnitudine
808 1308 844 1349 ac
900 1284 974 1349 artis
984 1282 1116 1357 Ultoris,
1127 1282 1237 1346 eodem
1251 1283 1284 1357 in

218 1368 367 1455 templo,'.'
392 1392 555 1435 censuere:
585 1383 699 1456 praeter
722 1382 842 1434 suetam
865 1369 1076 1435 adulationem
1099 1366 1175 1444 laeti,
1197 1368 1285 1453 quod

220 1453 399 1519 Domitium
428 1454 639 1521 Corbulonem
668 1455 839 1520 retinendae
863 1455 1022 1520 Armeniae
1051 1464 1284 1541 praeposuerat:

218 1539 446 1628 videbaturque
457 1539 544 1615 locus
560 1540 727 1605 virtutibus
740 1540 923 1628 patefactus.
969 1540 1077 1628 Copiae
1092 1537 1228 1603 Orientis
1242 1537 1287 1602 ita

219 1624 416 1703 dividuntur,
425 1638 462 1690 ut
476 1648 549 1711 pars
562 1624 771 1705 auxiliarium,
784 1649 857 1689 cum
867 1627 992 1691 duabus
1001 1624 1186 1711 legionibus,
1198 1623 1285 1709 apud

242 1709 410 1774 rovinciam
436 1711 569 1797 Syriam,
601 1724 632 1777 et
663 1712 823 1799 Legatum
847 1713 916 1798 ejus
942 1710 1138 1789 Quadratum
1161 1708 1285 1773 Ummi-

219 1732 311 1859 dium
327 1794 518 1869 remanerem
545 1819 604 1884 par
625 1796 741 1860 civium
755 1797 978 1883 'sociorumque
996 1817 1145 1859 numerus
1163 1793 1285 1859 Corbu-

219 1878 283 1946 loni
303 1893 392 1957 esset,
411 1880 526 1945 additis
544 1882 723 1947 cohortibus
748 1882 877 1969 alisque,
929 1905 980 1945 uae
1008 1904 1028 1944 a
1050 1880 1095 1944 ud
1123 1878 1286 1968 Cappado-

219 1964 300 2033 ciam
313 1965 510 2031 hiemabant:
534 1968 607 2031 socii
626 1969 741 2065 Regae,
762 1980 858 2053 prout
871 1905 954 2031 belo
967 1903 1162 2042 conduceret,
1178 1986 1287 2051 parere

214 2050 304 2137 jussi.
351 2051 413 2115 Sed
428 2050 534 2114 studia
552 2074 660 2116 eorum
680 2072 713 2114 ιιι
733 2052 947 2116 Corbulonem
963 2073 1053 2136 prom
1077 2050 1155 2113 tiora
1172 2064 1281 2123 erant;

220 2134 287 2221 qui,
306 2148 343 2198 ut
356 2135 449 2199 famae
468 2136 640 2213 inserviret,
657 2160 729 2223 quae
747 2137 781 2198 in
799 2138 888 2200 novis
901 2136 1011 2224 coeptis
1023 2073 1213 2199 validissima
1226 2146 1292 2211 est,

220 2220 329 2285 itinere
355 2242 486 2307 propere
516 2222 667 2298 confecto,
697 2220 785 2307 apud
810 2222 942 2307 AEgeas,
969 2220 1125 2284 civitatem
1156 2218 1283 2296 Ciliciae,

221 2384 299 2434 Rhea·
315 2386 339 2449 (e
349 2384 425 2446 Bud.)
442 2385 500 2433 ald.
513 2386 555 2435 Gr.
572 2386 646 2434 Ean.
679 2386 737 2435 Cod.
770 2390 868 2437 verbum
886 2391 966 2435 ornnes
978 2387 1030 2435 edd.
1047 2395 1070 2435 et
1082 2386 1232 2451 scrghabmt,
1244 2401 1286 2434 nec

220 2450 283 2514 Agr.
295 2451 414 2512 delegerit.
771 2451 909 2503 tentandum
919 2461 974 2507 erat,
983 2466 1037 2500 cum
1048 2454 1078 2500 ab
1086 2451 1137 2499 eliis
1146 2466 1206 2514 sape
1214 2452 1245 2500 sic
1253 2450 1288 2498 di-

251 2515 397 2578 Admovere]
424 2513 526 2562 Pidreno
542 2515 644 2563 malebat
657 2517 737 2562 edmo-
771 2515 1050 2573 catur,etiambreritatis
1060 2516 1198 2563 amantibus
1214 2517 1287 2564 Ena.

222 2581 282 2639 vert,
291 2579 348 2642 quio
364 2593 420 2626 mox
435 2587 469 2632 eet
480 2579 597 2638 collocari,
611 2587 633 2626 et
643 2583 736 2642 jungi:
803 2581 927 2628 Minorem
937 2581 1079 2628 Armeniam
1085 2580 1233 2643 Artemo]
1242 2581 1287 2627 Jo-

203 2643 304 2706 ·placet.
320 2643 393 2690 ERN.
428 2642 581 2690 Consentiunt
595 2642 665 2690 Acld.
682 2643 738 2706 Bip.
769 2643 855 2708 sophus
865 2646 905 2705 20,
917 2645 941 2692 8.
972 2647 1014 2697 Τὴν
1029 2645 1071 2698 τῆς
1084 2647 1165 2704 μικρᾶς
1173 2644 1287 2705 Ἀρμενίας

222 2707 286 2770 quod
302 2721 377 2756 nexus
395 2707 504 2770 postulat.
526 2706 590 2754 Bud.
611 2707 682 2755 habet
696 2709 738 2756 ad·
769 2713 907 2771 προστασίαι
929 2706 1106 2773 Ἀριστᾶὅιυλος,
1126 2707 1223 2767 Ἡρώδου
1245 2711 1286 2761 τῆς

222 2785 321 2818 mouere.
770 2771 879 2823 Χαλκίδος
889 2771 1003 2824 βασιλέως
1013 2772 1075 2827 παῖς,
1090 2772 1131 2818 tat
1143 2771 1241 2832 Nlparrec
1251 2773 1286 2829 ly-

253 2837 430 2896 Agrippam'et
449 2833 576 2900 Jocchttm]
604 2834 737 2898 Agrippam
767 2835 893 2899 χαρίζεται·
904 2844 928 2882 et
938 2834 1010 2890 addit,
1025 2834 1147 2883 idfaetum
1159 2836 1193 2890 τῷ
1203 2837 1285 2895 πρώτῳ

221 2895 331 2962 iatessifflt
347 2898 462 2962 Agrippae
480 2898 564 2954 filiurn,
586 2907 738 2962 cognomento
769 2901 811 2951 τῆς
836 2898 932 2959 Νέρωνος
956 2901 1027 2962 ἀρχῆς
1051 2897 1103 2957 ἴτω,
1127 2897 1286 2947 convenienter

221 2963 354 3020 Juniorem,
389 2963 414 3009 ui
431 2962 736 3024 Galilaeae,'1'rachonitidis‚
767 2961 902 3023 planetum
914 2961 1004 3011 Tacito.
1020 2963 1097 3010 lura·

221 3035 245 3074 et
255 3025 327 3088 partis
335 2977 426 3074 Judaeae
435 3026 505 3074 Rexr
523 3026 552 3074 de
563 3042 610 3090 quo
620 3026 738 3090 Josephus
802 3027 923 3089 Sophenen
939 3025 1047 3092 Schema]
1068 3025 1162 3088 Nescio,
1179 3041 1210 3074 an
1222 3026 1285 3076 idem

221 3092 262 3150 20,
276 3091 301 3146 7.
318 3090 380 3138 satis.
421 3089 466 3138 Sed
481 3089 584 3138 Jocchua
603 3091 647 3138 iste
665 3092 736 3155 quis?
769 3089 806 3150 ait,
818 3089 953 3153 quinctio
967 3091 1103 3138 constitutus
1115 3091 1221 3138 Arabum
1233 3091 1285 3138 Itu·

220 3155 307 3203 Utrum
322 3155 430 3202 Bocchus
446 3154 634 3207 rescribendum?
651 3170 681 3202 an
695 3171 738 3220 po-
769 3169 868 3201 raeorum
889 3154 952 3215 Rex,
974 3163 1066 3204 auctore
1087 3154 1165 3202 Dione
1186 3156 1227 3213 59,
1247 3156 1284 3201 12.

220 3218 276 3277 ttus,
297 3217 390 3281 expleta
410 3233 465 3266 voce
485 3220 638 3266 Antiochus?
666 3219 739 3278 Quod
769 3218 815 3266 Sed
829 3218 894 3281 apud
909 3224 963 3266 eum
979 3220 1068 3278 Σοαΐμος
1083 3217 1183 3266 dicitur:
1201 3227 1224 3265 et
1240 3219 1286 3266 for-

221 3296 302 3330 rerum
321 3296 407 3330 censeo.
452 3282 566 3345 Intelligit
585 3283 738 3339 Antiochum,
768 3282 868 3330 tarseita
877 3282 1076 3331 hiescribendum.
1094 3281 1170 3330 bras.
1193 3281 1289 3344 Edpr.

222 3346 314 3408 Regem
331 3345 508 3410 Commagenes,
526 3355 548 3394 et
562 3347 587 3396 in
600 3355 664 3411 parte
679 3347 738 3395 Cili·
770 3347 892 3394 Sohaemor
909 3347 950 3394 sed
964 3347 1075 3394 Schemm
1089 3347 1159 3395 etiam
1174 3348 1286 3410 probabat

222 3409 278 3460 eie:
295 3409 325 3458 de
336 3425 383 3474 quo
393 3410 510 3474 Josephus
523 3411 561 3471 19,
574 3414 597 3458 b.
630 3411 700 3457 Ἀπία
718 3428 739 3459 ιν
769 3409 904 3472 Ιιίριίιιιιᾱ
916 3410 1007 3470 1223.
1019 3411 1286 3474 exquolocoetiampa·

221 3473 243 3520 dl
254 3475 279 3538 tl!
291 3471 348 3538 ιῖχεν
359 3475 477 3524 Buecheler
488 3429 739 3535 dpehdperecdlrhmlac
769 3481 809 3532 tea
829 3473 957 3522 Sohemum
976 3474 1068 3522 Ituraeoe
1086 3475 1176 3538 Regem
1194 3473 1287 3522 (ludum

224 3538 283 3598 μίριι
301 3538 342 3584 eat
358 3537 394 3584 κα1
414 3538 548 3602 Κομμαγηνῇ
565 3537 671 3598 δωρεῖται.
705 3537 739 3586 Et
768 3545 889 3586 mortuum
907 3537 986 3599 fuisse,
1005 3548 1033 3586 m
1051 3540 1110 3588 bene
1125 3541 1177 3600 jam
1195 3538 1287 3587 monuit

222 3599 271 3649 Dio
281 3601 321 3659 68,
333 3603 357 3649 8.
391 3600 520 3649 Confirmet
533 3615 585 3648 eam
602 3600 739 3664 scripturam
770 3601 885 3665 Rycldus.
901 3602 947 3651 nd.
956 3619 993 3666 pr.
1003 3604 1143 3664 Sophenen.-
1154 3611 1222 3651 recte.
1240 3603 1285 3650 Ce-

126 3725 130 3728 ,
221 3664 739 3728 ποιωιῖιιίιιο.87.ᾳιιίἱιιιιιικὶ1119οιιι1ιιι
770 3675 825 3714 terre
847 3668 984 3728 Sophanem,
1010 3682 1084 3731 usque
1108 3667 1139 3716 ad
1159 3667 1285 3731 Rycldum.
1391 3714 1394 3718 ,
1442 3713 1449 3726 ,

221 3729 433 3778 lonisAhtlochum
441 3730 560 3778 nominat:
575 3729 688 3792 iteratque
696 3730 740 3778 hoc
770 3729 842 3778 Ean.
871 3732 994 3792 Sobanos,
1008 3731 1038 3779 de
1052 3747 1100 3796 quo
1115 3731 1160 3788 hic,
1176 3732 1285 3780 idemeet

221 3793 368 3858 meridiatum.
402 3795 489 3852 sanat,
498 3793 583 3857 inquit,
595 3793 740 3841 Antiochum
772 3808 826 3842 com
837 3809 871 3852 eo,
882 3795 924 3859 qni
935 3795 969 3843 H.
978 3798 1003 3856 2,
1012 3797 1051 3844 81.
1068 3798 1093 3854 5,
1103 3797 1126 3844 1.
1137 3797 1243 3844 ocmrrit.

223 3859 315 3919 Regem
325 3859 541 3920 mercamentum
551 3859 596 3905 aar
608 3858 739 3920 Prophete-
803 3859 875 3906 Dora
890 3862 1056 3924 θοιῠιιὶοικιιι]
1073 3859 1163 3909 Dehoc
1176 3876 1199 3908 v.
1209 3861 1234 3920 3,
1245 3860 1287 3908 31.

141 3979 143 3982 ¹
222 3919 739 3984 empetere.'VatioanotamenestLochr'am.
774 3923 812 3983 11,
827 3922 863 3970 18.
875 3925 914 3972 20.

222 3983 299 4034 Irrrs.
331 3987 387 4036 MS.
404 3987 467 4035 Flor.
483 3993 507 4035 ct
524 3986 654 4036 Jocchaemr
677 3985 741 4049 quod
807 3988 955 4044 Quadratum
972 3989 1110 4054 Venturum]
1127 3988 1286 4046 Numidiam,

223 4047 276 4097 edd.
291 4065 371 4099 omnes
388 4051 473 4099 habent
489 4059 570 4114 prater
584 4050 622 4098 ed.
635 4065 670 4114 pr.
681 4065 740 4162 pue
772 4058 799 4097 ut
816 4065 893 4115 supra.
912 4053 987 4101 Iura.
1029 4053 1109 4101 Immo
1128 4053 1286 4114 Ummidium,

223 4111 316 4162 exhibet
333 4116 456 4175 Lochtmn,
473 4123 500 4162 ut
515 4113 592 4163 Vatic.
609 4115 667 4178 Reg.
704 4130 741 4176 gr.
773 4122 880 4178 utsupra
889 4116 1171 4175 dernonrtratumfflb.
1187 4116 1259 4163 Eun.

204 4176 609 4242 *etGueltinquoestLoccham
634 4178 741 4242 Ryclrius
805 4180 878 4242 Apud
893 4183 972 4246 Egra]
991 4181 1057 4229 Libri
1071 4181 1126 4238 mei,
1142 4182 1247 4241 AEgaear,
1265 4188 1288 4227 et

222 4241 309 4302 recepit
320 4243 474 4302 Antiocheam,
489 4254 560 4306 quem
574 4255 629 4291 cum
642 4243 668 4290 J.
681 4242 741 4290 Gro.
771 4251 840 4292 recte.
859 4245 891 4293 Id
901 4247 963 4294 enim
970 4245 1059 4295 Cilicia
1068 4244 1190 4307 aspidum.
1206 4245 1289 4297 strabo

221 4304 291 4353 novio
308 4305 380 4354 secuti
396 4321 483 4354 nunus.
510 4306 572 4355 Mox
589 4305 624 4354 ed.
639 4321 675 4370 pr.
692 4320 742 4354 om-
774 4309 811 4367 14,
820 4324 844 4371 p.
855 4309 910 4364 878.
940 4308 1238 4366 Meratlmaaabntyata
1249 4326 1290 4353 πι-

224 4366 278 4416 aerii
284 4364 744 4434 Euphratemvitioreproamnenaquod
773 4375 852 4435 λίχνοι
866 4373 959 4435 ὕφαιμοι
979 4371 1047 4437 ἷχιν.ι
1064 4370 1141 4420 Iura
1180 4373 1290 4421 Lucana

1105 4439 1164 4498 xa
