3042 4950
239 250 309 294 au.
325 238 391 312 un]
565 236 645 295 Lm.
665 230 746 294 xvl.
767 234 854 295 can.
873 234 923 303 31,
943 224 993 295 aa.
1253 230 1310 287 sss

242 394 345 481 Igitur
365 396 463 463 accita
480 410 526 463 est
546 398 579 461 in
599 399 764 478 Senatum,
786 409 1000 484 steteruntque
1023 395 1137 461 diversi
1157 404 1229 486 anta
1251 392 1305 455 tri-

240 480 339 546 bunal
352 482 536 562 Consulum,
550 484 678 571 grandis
691 508 759 549 aevo
772 507 895 571 pmeus,
905 561 908 563 v
917 496 1025 548 contra
1037 481 1111 559 lilia,
1128 482 1211 545 intra
1224 478 1305 542 vice-

240 566 354 633 simum
368 569 468 633 aetatis
482 590 610 647 annum,
630 592 730 657 nuper
748 570 871 648 marito,
886 568 993 633 Annio
1008 566 1158 645 Pollione,
1176 566 1210 628 in
1223 566 1304 628 exsi-

239 650 317 715 lium
325 654 427 740 pulso,
437 655 565 719 viduata
572 655 709 720 desolata
731 680 790 729 ue;
807 678 843 720 ac
854 667 1022 741 nepatrem
1031 650 1158 738 quidem
1166 652 1301 728 intuens,

239 738 332 823 cujus
346 762 487 805 onerasse
500 740 638 827 pericula
651 741 722 805 vide
744 754 824 805 atur.
1218 811 1220 814 ,

283 823 421 889 ΧΧΧΙ.
438 828 527 889 Tum
541 826 750 912 interrogante
765 826 956 902 adcusatore,
972 832 995 863 “
1005 846 1046 887 an
1059 823 1163 887 cultus
1172 820 1300 899 dotales,

238 928 279 969 an
301 908 475 989 detractum
496 910 606 975 cervici
625 912 737 975 monile
759 933 874 975 venum
892 910 1036 990 dedisset,
1055 932 1120 997 quo
1137 906 1302 994 pecuniam

238 993 387 1058 faciendis
409 996 536 1082 magicis
555 996 647 1060 sacris
665 996 859 1060 contraheret
869 996 905 1058 ?”
925 996 1062 1082 primum
1084 1004 1180 1058 strata
1200 992 1300 1070 humi,

238 1076 332 1163 longo
355 1103 394 1143 ue
411 1078 488 1144 fletu
510 1092 542 1145 et
566 1081 697 1160 silentio,
723 1094 805 1167 post,
827 1081 936 1145 altaria
957 1092 990 1144 et
1017 1103 1103 1144 aram
1128 1077 1299 1163 complexa,

240 1168 262 1201 “
275 1104 418 1244 Nullos,’'’
432 1166 545 1252 inquit,
564 1171 585 1203 “
595 1166 695 1253 inpios
710 1168 804 1244 Deos,
820 1166 922 1230 nullas
936 1166 1124 1242 devotiones,
1143 1186 1199 1227 nec
1213 1162 1299 1228 aliud

237 1247 410 1313 infelicibus
423 1250 568 1335 precibus
583 1251 735 1329 invocavi,
750 1274 846 1337 quam
858 1264 897 1314 ut
913 1252 997 1327 bunc
1010 1251 1164 1337 optimum
1179 1257 1300 1335 patrem

238 1345 285 1411 tu,
300 1332 415 1411 Caesar,
430 1350 461 1398 et
475 1358 541 1413 vus,
552 1339 672 1413 Patres,
687 1336 848 1401 servaretis
860 1335 1054 1400 incolumem.
1100 1334 1151 1399 Sic
1161 1356 1300 1420 gemmea

237 1430 269 1481 et
282 1429 383 1482 vestes
396 1430 428 1483 et
441 1420 601 1506 dignitatis
613 1422 671 1485 insi
717 1423 745 1485 ‘a
756 1421 840 1499 dedi,
852 1421 1020 1507 quomodo,
1035 1420 1061 1485 si
1074 1420 1256 1505 sanguinem
1267 1432 1299 1483 et

237 1502 334 1568 vitam
352 1505 571 1591 poposcissent.
615 1444 761 1571 Vidiint
780 1506 843 1584 isti,
862 1507 991 1571 antehac
1012 1505 1089 1570 mihi
1104 1503 1214 1591 ignoti,
1234 1528 1299 1590 quo

235 1587 360 1653 nomine
374 1589 445 1669 sint,
460 1613 540 1677 quas
554 1603 634 1656 artes
648 1603 826 1657 exerceant:
850 1591 937 1655 nulla
949 1590 1026 1654 mihi
1046 1588 1200 1676 Principis
1214 1612 1299 1653 men-

236 1673 290 1752 tio,
301 1674 364 1739 ‘nisi
378 1675 458 1741 inter
472 1675 625 1755 Numina,
639 1678 709 1741 fuit.
743 1676 853 1741 Nescit
867 1691 970 1742 tamen
984 1675 1174 1757 miserrimus·
1187 1688 1295 1760 pater:

233 1770 276 1837 et,
293 1760 318 1822 si
333 1760 449 1825 crimen
463 1772 519 1841 est,
535 1762 599 1827 sola
612 1761 673 1826 deli
697 1763 758 1827 ui.''

279 1844 441 1912 XXXII.
464 1848 493 1910 L
537 1848 638 1912 uentis
657 1786 759 1912 adhuc
779 1848 873 1912 verba
886 1847 1001 1934 excipit
1016 1850 1163 1924 Soranus,
1179 1846 1298 1932 procla-

234 1941 374 2017 matque,
399 1938 421 1971 “
436 1954 499 1997 non
557 1956 607 1997 am
630 1933 663 1995 in
687 1932 877 2019 provinciam
903 1955 1005 1996 secum
1026 1932 1210 2030 profectam,
1235 1954 1297 1994 non

235 2015 351 2078 Plauto
361 2037 418 2102 per
429 2029 552 2083 aetatem
564 2018 647 2081 nosci
661 2018 815 2105 potuisse:
840 2040 901 2082 non
915 2016 1096 2082 criminrbus
1106 2016 1209 2080 mariti
1223 2039 1297 2079 con-

233 2122 366 2165 nexam:
390 2102 494 2167 nimiae
517 2115 639 2167 tantum
658 2103 782 2201 pietatis
800 2126 884 2166 ream
906 2114 1093 2189 separarent,
1115 2116 1210 2188 atque
1230 2102 1297 2187 ipse

230 2208 464 2274 quamcumque
475 2200 588 2253 sortem
600 2188 745 2253 sublret.’'
789 2187 890 2252 Simul
897 2188 928 2250 in
940 2188 1102 2273 amplexus
1110 2188 1298 2250 occurrentis

233 2271 305 2335 ffliae
314 2273 433 2346 ruebat,
442 2274 501 2337 nisi
514 2272 668 2360 interjecti
682 2273 804 2337 lictores
818 2273 957 2358 utrisque
971 2272 1171 2339 obstitissent.
1214 2274 1297 2336 Mox

232 2356 325 2421 datus
340 2357 471 2422 testibus
483 2358 589 2423 locus:
617 2370 658 2435 et,
672 2371 826 2445 quantum
840 2358 1057 2422 misericordiae
1072 2358 1189 2421 saevitia
1202 2357 1297 2421 adcu-

234 2442 359 2508 sationis
380 2458 586 2542 permoverat,
608 2456 731 2510 tantum
749 2443 805 2508 irae
826 2444 862 2507 P.
879 2443 1036 2530 Egnatius
1050 2443 1136 2517 testis
1154 2440 1297 2508 concivit.

235 2527 340 2595 Cliens
362 2531 412 2593 h1c
428 2530 550 2607 Sorani,
564 2543 596 2594 et
610 2544 684 2593 tunc
698 2545 824 2616 emptus
843 2529 884 2592 ad
897 2552 939 2615 op
961 2529 1135 2593 timendum
1151 2527 1295 2605 amicum,

232 2616 447 2680 auctoritatem
464 2615 576 2680 Stoicae
589 2625 678 2678 sectae
693 2615 887 2712 praeferebat,
903 2553 1012 2680 babitu
1026 2626 1058 2678 et
1071 2637 1125 2676 ore
1139 2613 1180 2681 ad
1194 2613 1299 2700 expri-

233 2699 378 2764 mendam
398 2699 564 2786 imaginem
586 2701 707 2764 honestr
730 2699 894 2777 exercitus,
917 2714 1054 2765 ceterum
1080 2698 1183 2762 auimo
1204 2699 1298 2786 perfi-

264 2915 606 2979 transmutabuntur
622 2914 682 2963 inter
696 2929 750 2964 eon·
781 2916 896 2978 nonoque
911 2923 1036 2978 receptum.
1069 2915 1217 2962 Seususestr
1234 2929 1298 2977 sepa-

231 2979 330 3039 juratos.
363 2977 439 3027 Ltus.
472 2979 511 3028 Cf.
524 2982 561 3036 lc,
573 2980 612 3034 71.
781 2987 859 3028 rurant
873 2978 943 3029 modo
959 2994 1062 3026 caussam
1077 2978 1229 3038 filiaeasua3
1246 2988 1298 3025 tum

265 3042 362 3090 Altaria
378 3049 402 3091 et
419 3058 487 3090 arom
506 3046 636 3108 cpmplcoea]
663 3045 750 3092 Utrum
782 3059 807 3091 se
823 3043 890 3092 nuile
911 3059 938 3092 ac
957 3043 1055 3090 libenter
1070 3057 1149 3090 omnes
1164 3058 1242 3105 poenas
1263 3051 1299 3088 to-

232 3120 297 3154 aram
331 3105 436 3156 Victoria
464 3109 580 3170 intelligit,
612 3124 665 3172 quea
697 3117 751 3156 unte
782 3108 917 3156 lereturum.
966 3106 1118 3155 Obseruando
1139 3104 1253 3169 elegantia
1274 3107 1298 3152 in

231 3171 337 3227 cumanus
364 3186 395 3219 an
416 3172 497 3220 altaria
517 3182 540 3220 et
567 3187 631 3220 aram
653 3172 751 3221 Veneria
782 3178 858 3233 doru,
877 3180 905 3219 ut
921 3171 947 3219 in
967 3172 1008 3218 illc
1026 3170 1154 3218 archimimi
1176 3187 1214 3235 ap.
1234 3172 1299 3218 Suet.
1358 3181 1362 3189 ’

232 3235 369 3293 Genetricis,
389 3235 415 3283 in
433 3238 499 3298 cujus
521 3237 609 3299 templo
628 3251 691 3284 nunc
710 3237 751 3286 Se-
782 3237 855 3300 vesp.
873 3238 911 3286 19.
928 3237 1191 3283 centamrttiaestcrtto
1206 3237 1298 3294 durent,

228 3303 323 3348 *natust
340 3301 416 3348 lars.
449 3301 503 3349 Hoc
518 3315 607 3348 verum.
639 3300 751 3350 Similiter
781 3302 925 3348 cerealia
940 3303 1044 3348 Tiberim
1050 3301 1200 3361 proicerent.
1223 3299 1297 3347 Ean.

230 3362 275 3411 ista
288 3365 367 3427 J'ungit
383 3363 474 3413 Plinius
491 3365 577 3429 Paneg.
602 3381 622 3414 c.
647 3367 669 3412 l.
688 3366 750 3412 inter
816 3363 1299 3426 Quantusrrmirericordiae1Praeclareli.

230 3435 285 3475 urar
303 3433 326 3476 ct
340 3429 443 3476 abatiae
460 3444 535 3478 sermo
550 3438 629 3478 autem
645 3429 674 3478 de
690 3437 749 3477 tem-
778 3429 825 3476 bri.
857 3429 937 3492 Vulgo
952 3435 1065 3491 quantum
1080 3443 1158 3484 πωπω
1177 3443 1252 3476 errore
1269 3444 1300 3477 ex

230 3492 271 3556 plo
286 3492 355 3541 Jovis
371 3491 503 3556 Capitolini.
543 3493 615 3542 Enu-
660 3493 750 3542 Altaria
781 3493 966 3542 concineratione
976 3491 1098 3550 scribendi,
1106 3494 1166 3540 mioe.
1201 3492 1299 3566 Ingenio

231 3563 331 3604 staram
348 3557 386 3604 hic
402 3558 538 3622 procudam
551 3557 658 3622 usurpari
670 3567 750 3606 monet
780 3573 824 3607 suo
844 3557 934 3620 pridem
954 3555 1015 3604 hanc
1040 3555 1202 3604 consutionem
1224 3557 1300 3604 vindi·
1375 3553 1393 3567 “

230 3619 365 3670 Miuutolus
383 3621 411 3669 de
433 3623 525 3686 templis
538 3639 576 3687 ap.
596 3623 715 3686 Sallengrr
732 3632 750 3671 t.
781 3630 871 3670 munet
885 3622 1003 3678 Paci-num
1023 3635 1066 3668 nec
1081 3620 1173 3668 invideo
1188 3635 1239 3683 ego,
1257 3635 1300 3669 nec

232 3685 254 3732 1.
268 3701 293 3748 p.
312 3687 365 3734 lll.
382 3701 458 3751 neque
473 3689 520 3735 buc
533 3687 606 3736 facere
623 3688 749 3751 quicquam
780 3687 856 3749 culpo.
890 3686 966 3734 Iura.
1000 3684 1067 3732 Idem
1083 3685 1108 3731 in
1122 3685 1187 3733 libris
1197 3699 1299 3747 reperere

230 3749 363 3808 discrimen,
384 3751 446 3815 quod
465 3759 529 3800 notat
547 3753 612 3800 Serv.
632 3751 662 3798 ad
680 3751 747 3814 Virg.
781 3750 964 3810 Verennianus
974 3744 1072 3807 Vatia),
1088 3749 1228 3798 etUrsinus.
1261 3750 1300 3798 Sic

231 3813 324 3870 ΕΜ,
337 3815 391 3862 lat.
780 3814 947 3878 plaueetedit,
958 3829 994 3877 pr.
1027 3813 1178 3862 EtinGuelf.
1189 3814 1299 3877 inmerg.

268 3880 314 3933 Tu,
333 3881 423 3936 Coeaar,
439 3887 461 3927 et
478 3893 525 3934 uos,
543 3881 640 3944 Patres]
659 3880 750 3942 Copula
781 3878 888 3926 additum
905 3874 964 3938 ,futu
986 3877 1028 3929 aed
1048 3891 1147 3935 mesum,
1170 3887 1197 3925 ut
1220 3888 1299 3926 mmeu

230 3944 295 4002 abest
306 3958 320 3990 a
331 3943 394 3992 Flor.
407 3944 493 4020 (Agr.)
505 3953 528 3992 et
538 3944 573 3993 ed
585 3959 621 4008 pr.
645 3943 710 4002 Quia
716 3951 750 3991 est
781 3942 858 3992 adhuc
867 3943 959 4006 estqui
966 3942 1039 3992 oculis
1046 3941 1120 3989 liceat.
1141 3942 1213 3990 Eun.
1232 3943 1297 3990 Bud.

231 4007 343 4055 narrantis
358 4015 440 4067 oratio,
451 4009 557 4071 copulam
574 4021 621 4056 nou
637 4008 748 4070 rejiciam.
781 4021 850 4054 nuuc.
1200 4050 1202 4055 .

231 4069 303 4118 linx.
336 4071 486 4120 Budbabet.
814 4073 917 4120 Harant
930 4079 953 4118 et
967 4070 1076 4133 exerciti]
1100 4069 1191 4120 Suadeo
1207 4071 1299 4128 scribas,

239 4159 242 4163 ·
265 4137 416 4198 separarent,
435 4143 503 4199 atque
526 4138 586 4200 ipsc]
615 4137 654 4186 sie
676 4135 750 4185 MSS.
781 4136 871 4182 benedi
888 4137 1013 4188 exercitus,
1033 4150 1062 4181 ex
1081 4135 1199 4182 sententia
1220 4135 1300 4184 ductu.

231 4197 295 4246 Flor.
312 4199 372 4262 Agr.
385 4201 420 4248 etl.
432 4217 468 4264 pr.
500 4201 578 4262 Atque
591 4201 660 4248 etiam
674 4199 748 4248 estin
781 4200 857 4246 lates.
891 4196 988 4262 Recepit
998 4197 1109 4256 Pichena,
1117 4214 1218 4262 eumque
1228 4200 1300 4248 secuti

232 4261 519 4325 Guclisediprcexcidit.
550 4264 599 4327 (Sic
607 4275 629 4312 et
640 4264 663 4312 in
672 4263 747 4325 Bud.)
780 4279 868 4321 omnes,
883 4272 963 4311 contra
977 4261 1055 4310 libros.
1087 4262 1133 4312 sed
1151 4273 1249 4312 veterem
1267 4264 1301 4311 le-

230 4327 308 4375 Ceteri
329 4343 410 4376 omnes
429 4335 564 4390 repararent
580 4343 595 4374 o
613 4345 643 4376 se.
684 4328 749 4377 Illud
781 4329 880 4376 monem
896 4327 999 4374 deferuuit
1017 4328 1149 4374 Gronovius
1164 4328 1222 4376 Oba
1236 4335 1259 4381 9.
1277 4333 1300 4376 4.

228 4391 292 4440 baud
302 4391 374 4440 dubie
384 4391 477 4453 melius,
488 4401 516 4440 ut
524 4394 574 4454 jam
586 4392 678 4456 Ryckio
689 4393 748 4440 Gro-
781 4409 806 4454 p.
823 4397 879 4441 234.
901 4400 924 4440 et
943 4391 1053 4456 explicat,
1072 4393 1140 4452 cujus
1158 4391 1178 4438 is
1198 4393 1300 4449 habitus,

276 4471 350 4520 vot.
366 4476 404 4519 11.
863 4499 868 4509 .
1117 4457 1176 4519 ta
