3042 4950
211 237 238 277 s.
255 235 281 276 ο.
300 219 367 292 aon
596 219 670 276 mu.
692 218 764 277 xn.
787 219 878 276 car.
898 223 925 278 a.
1245 222 1280 277 os

210 404 359 469 eousque
374 403 458 469 spem
470 380 542 444 vitae
556 379 756 466 produxerat,
765 401 822 442 seu
836 378 956 442 delecto
964 379 1031 457 die,
1042 379 1217 466 augendam
1232 381 1274 443 ad

209 466 368 531 invidiam.
415 465 555 542 Calvina,
580 487 665 527 soror
688 464 767 549 ejus,
791 463 881 527 Italia
903 463 995 549 pulsa
1016 475 1072 527 est.
1101 475 1105 484 ‘
1132 465 1272 529 Addidit

211 552 371 625 Claudius
393 559 415 588 “
429 572 515 614 sacra
533 573 573 612 ex
590 549 712 634 legibus
734 548 824 612 Tulli
848 548 956 634 Regis,
998 549 1162 634 iaculaque
1183 549 1270 634 apud

208 633 315 698 lucum
335 635 448 700 Dianae
469 657 526 720 per
554 635 721 698 Pontifices
744 634 886 698 danda:”
914 572 1121 697 inridentibus
1138 635 1268 711 cunctis,

208 721 294 805 quod
303 743 405 806 poenae
413 721 706 807 procurationesque
713 719 821 782 incesti
829 719 863 782 id
871 717 1271 804 temporisexquirerentur.·

208 809 256 868 At
273 806 460 892 Agrippina,
473 826 513 866 ne
523 803 612 868 malis
622 817 744 868 tantum
755 803 945 868 facinoribus
958 817 1137 880 notesceret,
1149 803 1268 867 veniam

209 890 309 953 exsilii
323 913 382 976 pro
388 890 512 954 Annaeo
524 893 649 966 Seneca,
661 888 752 952 simul
764 889 939 952 Praeturam
952 888 1107 986 impetrat,
1116 887 1223 952 laetum
1236 890 1270 952 in

207 975 371 1061 publicum
392 988 470 1054 rata,
491 974 533 1038 ob
557 973 771 1038 claritudinem
790 973 965 1036 studiorum
981 996 1059 1059 eJus,
1082 986 1180 1059 utque
1203 977 1270 1038 Do-

207 1060 288 1124 mitii
310 1061 443 1146 pueritia
464 1059 518 1123 tali
537 1059 685 1144 magistro
705 1056 900 1133 adolesceret,
925 1073 957 1121 et
977 1058 1111 1122 consiliis
1127 1059 1270 1146 ejusdem

207 1145 249 1209 ad
271 1169 357 1232 spem
371 1143 587 1208 dominationis
603 1154 759 1206 uteretur:
782 1142 858 1228 quia
873 1144 988 1205 Seneca
1007 1143 1090 1206 fidus
1103 1143 1136 1205 in
1150 1145 1269 1230 Agrip-

207 1229 322 1315 pinam,
338 1228 484 1292 memoria
497 1227 647 1306 beneficii,
662 1242 693 1292 et
707 1225 851 1290 infensus
858 1226 1001 1304 Claudio,
1013 1226 1118 1290 dolore
1132 1229 1267 1313 injuriae,

208 1316 401 1378 credebatur.

251 1399 317 1463 IX.
340 1398 494 1462 Placitum
509 1397 631 1474 dehinc,
646 1419 710 1460 non
727 1396 809 1461 ultra
822 1398 979 1462 cunctari:
1003 1399 1058 1462 sed
1072 1398 1269 1496 designatum

210 1484 389 1562 Consulem,
410 1483 598 1547 Memmium
614 1482 796 1561 Pollionem,
816 1483 995 1569 ingentibus
1007 1483 1164 1569 promissis
1178 1484 1269 1547 iudu-'

207 1577 294 1649 cunt,
305 1568 485 1633 sententiam
494 1584 684 1655 expromere,
697 1591 760 1654 qua
774 1581 915 1632 oraretur
925 1568 1088 1647 Claudius,
1104 1575 1126 1607 “
1137 1569 1269 1656 despon-
1365 1574 1368 1579 '

144 1807 146 1812 ,
249 1758 349 1806 Calvina
371 1771 436 1804 soror
458 1758 518 1820 uua]
547 1757 654 1804 Fortasse
674 1755 721 1810 illa,
759 1756 805 1804 alio
824 1754 917 1816 referia
938 1772 1010 1820 quam
1029 1757 1060 1804 ad
1081 1757 1166 1804 crimen
1189 1755 1269 1804 Silani.

207 1838 261 1885 quae
278 1821 350 1869 vitam
365 1821 473 1884 produxit
486 1821 516 1868 ad
531 1820 667 1882 Vespasiani
678 1820 722 1866 im·
758 1821 834 1868 lues.
1252 1833 1269 1876 ’,Α

208 1885 307 1948 perium,
316 1885 398 1948 dequa
409 1886 473 1933 Suet.
483 1885 580 1946 Vespas.
594 1887 634 1932 23.
659 1885 723 1931 Cum
796 1887 890 1932 Veniam
904 1886 995 1948 exsilii]
1013 1885 1138 1948 Rclegatus
1151 1885 1213 1932 enim
1228 1884 1271 1931 Se-

207 1951 349 1996 amusoleum
359 1955 451 2010 repente
457 1951 584 2010 potuisset.
595 1982 602 1994 .
612 1981 618 1995 .
628 1950 669 1995 .αά
675 1950 696 1996 J
696 1963 722 1994 u·
757 1963 813 1996 neca
823 1957 875 2010 post
885 1949 1033 2007 Quaesturam
1045 1949 1167 1996 aclaudio
1176 1949 1200 1994 iu
1212 1947 1270 1995 Cor·

206 2015 273 2060 ulum
290 2013 362 2066 (male
380 2013 442 2060 enim
459 2013 548 2059 editum
564 2012 721 2074 suppositum·
756 2013 827 2059 sicam
846 2013 955 2070 insulam,
977 2014 1008 2059 ob
1029 2013 1180 2072 suspicionem
1202 2012 1269 2058 adul«

207 2092 253 2140 que
273 2092 287 2123 a
306 2076 432 2123 scholiastis
447 2073 552 2135 Jullam)
571 2077 695 2123 Calvinum
709 2089 722 2120 e
756 2076 807 2122 terii
821 2091 875 2123 cum
887 2076 953 2123 Julia
968 2075 1099 2122 Germanici
1113 2075 1167 2130 filia,
1184 2074 1270 2122 Vinicii

204 2146 275 2201 gem
289 2138 395 2200 Augusti
404 2141 523 2200 pertinere
534 2140 627 2186 dicebat.
656 2137 721 2184 Na'm
756 2153 834 2186 uxore.
870 2139 945 2200 Cujus
966 2137 1068 2186 criminis
1088 2153 1157 2203 scena
1172 2154 1187 2184 a
1204 2139 1269 2186 liles-
1331 2138 1334 2151 ¹

207 2203 280 2252 Silani
291 2203 330 2250 isti
345 2203 405 2251 inter
416 2205 539 2265 abnepotes
549 2200 653 2265 Augusti
669 2201 720 2252 sue·
758 2202 1054 2251 sallinat'uitSeenadieo.
1082 2201 1139 2249 Nou
1153 2200 1215 2250 euim
1233 2218 1270 2249 re·

206 2275 270 2326 runt,
282 2275 310 2314 ut
320 2266 403 2314 dicam.
419 2267 494 2315 Inus.
733 2265 737 2273 '
755 2266 806 2328 ipsa
815 2267 903 2331 expetit
920 2267 945 2313 in
958 2266 1039 2313 tebrae
1047 2267 1124 2329 culpa,
1137 2282 1152 2314 o
1168 2266 1270 2322 Romani

239 2333 314 2379 Italia
329 2333 400 2391 pulsa
420 2333 465 2394 ert]
490 2331 516 2380 si
535 2331 603 2394 pulsa
619 2337 720 2388 tantum,
755 2331 856 2379 nominis
866 2339 889 2379 et
900 2331 1017 2392 sapientiae
1026 2345 1110 2392 magne
1121 2332 1163 2378 sol.
1261 2364 1265 2370 -

206 2395 265 2458 quid
280 2395 313 2441 ita
330 2395 629 2442 commentatorJuvenalis
645 2395 722 2442 scribit
792 2397 846 2442 Tali
863 2398 978 2456 nwgtatro
995 2396 1143 2458 adolesceret]
1170 2392 1268 2457 Magno,

206 2475 257 2507 eam
270 2477 283 2508 a
297 2474 321 2507 se
332 2458 494 2507 interfectam-l
515 2460 623 2518 Culvluu,
635 2457 720 2522 inquit,
755 2474 841 2522 magno
857 2460 982 2522 magistro:
1001 2457 1053 2506 utili
1067 2459 1175 2523 privatim
1190 2467 1213 2507 et
1225 2477 1270 2522 pu·

206 2526 324 2572 Praetoria
336 2525 461 2586 cinaedum
472 2537 545 2577 soror,
559 2538 609 2583 quae
623 2538 648 2570 ae
662 2525 721 2569 occl-
755 2524 822 2582 blica,
840 2523 859 2570 ai
876 2524 975 2574 Neronis
989 2524 1086 2581 indoles,
1103 2533 1144 2570 aut
1161 2525 1269 2571 Romana

207 2588 481 2650 dlltumquamlusautia
496 2589 522 2635 ln
530 2589 638 2649 fratrem
657 2588 721 2649 (lego
755 2586 811 2647 fata,
823 2587 955 2635 voluisseut.
986 2587 1201 2635 Sedadhistoriam
1209 2588 1270 2635 adde
1337 2640 1343 2647 ¹

198 2651 292 2714 fratre)
310 2652 406 2701 Cuudu
420 2652 566 2713 temporibus.
588 2650 642 2697 Hoc
651 2658 720 2697 notat
754 2648 804 2698 hac
814 2650 939 2699 scholiastis
949 2652 973 2697 in
984 2650 1107 2698 luvenalis
1118 2652 1166 2698 Sat.
1178 2656 1201 2706 5,
1217 2653 1268 2698 109.

206 2716 237 2763 acl
247 2716 306 2764 illud
317 2731 336 2763 c.
348 2718 373 2775 3,
387 2716 544 2763 liii-deaut
563 2716 669 2763 Cululuoe
685 2714 722 2760 uel
756 2716 842 2762 Seneca
850 2716 892 2761 rub
903 2717 1010 2771 Claudio,
1018 2716 1269 2775 quericonrclusudul-

209 2782 320 2829 Catum.
350 2782 429 2827 Homo
438 2788 504 2829 errat.
520 2778 597 2827 LIPs.
754 2781 869 2825 uriarum
890 2780 973 2838 «Iuliae,
999 2780 1135 2827 Germanici
1152 2781 1221 2839 filice,
1243 2782 1269 2825 iu

238 2846 312 2891 Sacra
321 2859 351 2891 eu
362 2846 450 2905 legibue
464 2844 542 2906 Tulli]
560 2843 616 2891 Nou
627 2842 673 2890 alia
683 2856 721 2889 sa·
756 2843 878 2889 Corsicam
892 2845 1018 2903 relegatur,
1026 2848 1081 2903 post
1092 2845 1221 2890 trieuuium
1232 2858 1269 2906 ref

206 2905 720 3021 immiminuta&
754 2914 913 3018 &llud
931 2909 1060 3017 ..illiti
1076 2908 1272 3031 ”iiiiii

205 3034 291 3097 cedern
301 3035 345 3082 luit
361 3035 515 3097 expiavitque.
549 3034 632 3082 Livius
644 3035 667 3094 1,
680 3034 719 3081 26.
755 3041 841 3092 temen,
857 3036 983 3082 erudiendo
999 3036 1095 3081 Neroni
1111 3038 1138 3082 iu
1148 3037 1269 3097 palatium

206 3101 299 3159 Itaque,
317 3106 345 3147 ut
363 3101 433 3145 coedes
451 3100 577 3161 uuulfeeta
592 3100 670 3161 aliquo
684 3104 720 3144 tu·
754 3099 877 3160 adduetus,
894 3115 982 3147 meum
1001 3102 1171 3160 immunemque
1186 3106 1269 3145 uatum

206 3163 717 3224 arenulaeulolueretur‚lmperatuuepatrl,
754 3170 778 3209 et
792 3166 863 3211 renue
884 3165 931 3210 cito
952 3169 976 3209 et
994 3165 1130 3223 mitigavit:
1154 3166 1216 3210 iuter
1225 3165 1269 3225 fu·

206 3232 233 3275 ul
243 3228 326 3287 fllium
336 3227 442 3288 expiaret
452 3227 671 3287 pecuulopudllcae
689 3227 718 3286 ir,
754 3228 859 3274 miliaree
874 3228 955 3275 solitus
971 3228 1065 3283 dicere,
1081 3241 1127 3273 nou
1136 3228 1193 3288 sore
1209 3241 1269 3273 raeoo

206 3292 342 3351 quibusdum
356 3290 520 3353 piacularibus
541 3291 662 3352 mmijiciie
676 3293 719 3353 sa.
754 3292 792 3337 llli
811 3292 878 3351 boui,
897 3293 1069 3352 quiugustato
1083 3291 1153 3337 semel
1166 3292 1269 3338 hominia

205 3358 257 3414 clla,
270 3358 332 3419 (que
340 3354 422 3403 delum
430 3354 497 3416 genti
509 3356 620 3401 Horatiae
631 3357 719 3403 tradita
753 3358 877 3415 sanguiue,
884 3356 989 3415 ingenita
998 3355 1076 3401 redeat
1083 3357 1182 3403 saeua.
1191 3355 1266 3402 Iura

205 3416 272 3479 aaut)
285 3422 471 3480 trummisaoper
483 3421 546 3465 vtum
557 3420 643 3479 tigillo,
656 3422 720 3469 velut
754 3417 816 3466 Mox
834 3425 957 3466 uterentur
976 3419 1033 3466 MS.
1052 3418 1113 3465 rur.
1134 3420 1212 3467 Ceteri
1227 3435 1269 3467 scr.

205 3483 342 3544 subjugum
358 3484 549 3545 mleiljuveuem.
583 3483 719 3547 similiaque
754 3491 777 3528 et
795 3482 847 3529 edd
867 3489 973 3529 uteretur
990 3482 1020 3530 ad
1039 3481 1165 3531 Pichenam
1184 3498 1267 3546 usque.

206 3545 305 3609 Dionys.
328 3548 351 3605 3,
364 3548 403 3594 22.
418 3548 460 3609 qui
474 3545 548 3603 addit,
563 3560 590 3592 ea
606 3561 669 3594 sacra
679 3565 720 3611 per
754 3545 819 3593 Illud
834 3562 931 3594 verum:
954 3560 1010 3593 uam
1032 3555 1056 3594 et
1071 3562 1128 3595 mox
1146 3558 1181 3595 est
1199 3550 1270 3595 ludu·

206 3611 328 3657 Pontifioes
344 3610 420 3657 facta:
439 3609 599 3657 convenienter
612 3624 666 3657 cum
682 3612 719 3672 iis,
751 3617 827 3658 ‚cuutr
844 3610 947 3673 intellige
956 3611 1114 3674 Agrippinam
1129 3627 1183 3660 cum
1199 3611 1270 3659 liber-

206 3690 258 3737 que
273 3675 311 3721 hic
332 3672 436 3723 Tacitus.
461 3672 536 3720 Iura.
568 3673 626 3719 Alia
640 3675 720 3737 piaco·
755 3672 784 3721 tis
802 3684 825 3721 et
839 3676 917 3722 ueteris
934 3675 1091 3723 instrumentis
1110 3676 1269 3749 impotentiae3

205 3740 229 3785 la
249 3738 405 3801 intelligenda,
425 3752 477 3791 vere
495 3736 585 3797 judicat
606 3737 719 3801 Rycldus.
754 3753 898 3799 quamquam
915 3739 949 3786 ibi
963 3740 1083 3786 Broterius
1096 3740 1160 3787 dedu
1178 3742 1287 3787 auduus

206 3802 277 3853 Ean.
754 3801 977 3865 eMSS.eted.pr.
1012 3804 1068 3850 Post
1080 3805 1220 3853 beneeood.
1231 3804 1269 3851 Fl.

237 3868 311 3930 Apud
327 3868 406 3913 lucum
422 3866 522 3928 Dlunoe]
548 3865 608 3912 Plin.
626 3866 663 3925 16,
681 3868 719 3916 19.
754 3873 863 3913 orarmar
879 3882 922 3930 pro
936 3866 999 3929 vulg.
1018 3868 1153 3914 hortaretur
1171 3868 1270 3915 restituit

206 3933 288 3979 Eatlu
302 3932 432 3977 suburbano
447 3931 575 3977 Trucudml
589 3932 719 3991 agricolle,
753 3929 864 3977 Pichena.
893 3930 985 3979 Puteol.
1006 3930 1061 3977 niv.
1083 3939 1168 3979 oraret.
1197 3932 1268 3977 Ean.

207 3996 247 4055 qui
271 3997 347 4043 Corne
368 3996 506 4055 appelletur,
531 3994 597 4039 lucus
623 3996 719 4057 antiquo
753 3994 856 4041 Restitui
869 3994 1208 4060 utentur.·,adAgrippinam
1225 3993 1270 4041 hoc
1318 3985 1322 3995 ⁴

206 4060 318 4119 religione
327 4060 415 4108 Diuuoe
425 4064 529 4105 uastas
539 4072 554 4104 u
565 4058 643 4105 Lutlo.
754 4058 827 4105 solam
835 4057 942 4120 pertinet,
953 4067 980 4105 ut
989 4057 1178 4121 priuslmpetrut.
1200 4056 1272 4114 Quod

238 4120 719 4184 Inrideutibuscuuctlr]llthercleridicu-
754 4121 1273 4184 sequituriuducuut,respoudetbenerqiplo-

205 4186 266 4245 lum,
274 4187 334 4249 quod
341 4185 453 4235 Claudius
459 4185 532 4232 Silani
540 4200 593 4233 cum
600 4200 675 4233 sorore
684 4187 721 4233 in-
756 4188 838 4244 cltuur,
848 4184 912 4248 quod
922 4185 952 4232 ad
960 4185 1034 4247 ipsam
1043 4198 1097 4231 cum
1108 4184 1219 4239 consilio,
1231 4198 1273 4229 nec

206 4257 296 4299 oestum
310 4249 462 4311 piacularibus
475 4250 543 4297 sacris
557 4249 648 4299 lueret:
671 4249 722 4312 ipse
755 4249 870 4311 displicet,
912 4249 966 4313 quis
973 4262 1026 4299 eum
1034 4246 1131 4295 Murrio
1136 4247 1212 4311 legere
1222 4261 1274 4294 ma-

206 4312 323 4363 insulem
331 4314 404 4377 crdpa.
422 4312 723 4375 Nampiaeulaistaocase
756 4313 785 4360 lit
796 4314 897 4359 inducit.
1249 4334 1253 4340 ·
1283 4341 1286 4344 -

251 4398 324 4441 voe.
342 4396 375 4438 11.
706 4444 709 4459 Ι
839 4445 846 4457 .
1123 4396 1143 4437 r
