3042 4950
228 282 374 354 scat]
568 257 993 352 mnxmsscnurou.
1245 284 1299 340 133
1371 320 1377 328 .
1465 307 1468 318 ι

226 444 365 507 extemis
379 467 393 507 s
452 443 558 507 taculo
572 457 661 522 esset,
675 444 839 507 arbitrium
856 444 901 507 rei
913 444 1076 510 obsidibus
1092 446 1292 531 Legatisque,

183 589 188 595 .
226 524 285 625 qui
310 552 361 591 eos
381 466 547 605 (dibebant,
569 529 761 614 permissum.
796 528 906 614 Atque
926 529 971 591 illi
989 531 1030 593 ob
1052 546 1202 594 recentem
1221 530 1290 616 glo-

227 635 315 689 nam,
327 627 358 676 et
371 610 567 678 inclinatione
578 614 714 699 quadam
728 613 821 677 etiam
831 613 980 692 hostium,
991 614 1201 687 Corbulonem
1212 638 1290 710 prae-

228 696 333 760 tulere.
383 697 480 761 Unde
502 697 655 762 discordia
676 698 757 761 inter
782 700 908 772 Duces,
926 705 1088 784 'querente
1114 698 1289 775 Ummidio,

227 787 418 869 “praerepta,
430 806 503 869 quae
514 783 577 847 suis
586 782 718 847 consiliis
729 784 913 869 patravisset
918 785 945 847 :”
954 798 1085 847 testante
1093 784 1290 847 contra'Cor-

224 864 350 943 bulone,
367 876 388 907 “
397 890 460 931 non
474 868 562 954 prius
581 890 763 932 conversum
779 870 899 954 Regem
914 868 956 932 ad
970 868 1143 933 offerendos
1156 866 1288 943 obsides,

222 974 320 1037 quarn
329 952 411 1038 ipse,
421 955 500 1017 Dux
513 952 596 1017 bello
609 951 757 1030 delectus,
773 975 843 1037 spes
856 953 925 1038 ejus
938 953 980 1016 ad
993 968 1111 1018 metum
1125 954 1288 1016 mutaret.”

225 1037 322 1114 Nero,
361 1060 402 1101 uo
415 1051 613 1124 componeret
624 1037 771 1114 diversos,
783 1036 826 1100 sic
840 1037 980 1124 evulgari
990 1038 1100 1125 jussit:
1127 1039 1212 1102 “Ob
1226 1060 1285 1118 res,

223 1144 244 1184 a
265 1062 430 1194 Quadrato
451 1136 482 1185 et
504 1121 684 1186 Corbulone
704 1144 851 1207 prospere
871 1135 984 1207 gestas
1005 1124 1130 1187 laurum
1151 1121 1286 1187 fascibus

225 1207 275 1269 Im
316 1206 437 1271 ratoriis
451 1206 554 1271 addi.”
577 1208 671 1284 Quae,
682 1206 714 1269 in
729 1206 806 1269 alios
821 1206 972 1271 Consules
985 1231 1117 1293 egressa,
1129 1207 1285 1293 conjunxi,

306 1339 314 1356 .
331 1289 453 1354 Eodem
465 1312 555 1368 anno,
569 1291 674 1353 Caesar
689 1290 855 1377 “effigiem
869 1292 928 1355 Cn.
942 1291 1084 1356 Domitio
1097 1291 1190 1377 patri,
1200 1293 1284 1355 Con-

221 1375 476 1461 sulariaiusiguia
485 1376 621 1441 Asconio
633 1375 801 1454 Labeoni,”
813 1400 878 1463 quo
886 1388 989 1440 tutore
1000 1400 1076 1440 usus
1086 1390 1162 1452 erat,
1174 1376 1284 1461 petivit

221 1484 242 1524 a
253 1460 370 1525 Senatu
382 1485 389 1523 :
403 1461 524 1557 sibique
534 1469 688 1539 “statuas,
699 1476 829 1548 argento
839 1461 888 1525 vel
898 1461 1124 1538 aurosolidaS,”
1135 1459 1283 1524 adversus
1320 1538 1326 1552 ἱ

221 1544 383 1610 offerentes
393 1545 562 1630 prohibuit.
606 1548 662 1623 Et,
672 1569 864 1632 quamquam
875 1546 1062 1612 censuissent
1076 1546 1196 1622 Patres,
1213 1552 1235 1583 ‘⁴
1247 1559 1283 1609 ut

221 1629 485 1717 principiumanni
494 1630 1009 1716 inciperetmenseDecembri”quo
1016 1647 1104 1695 ortus
1111 1630 1282 1708 eratNero,

221 1726 355 1796 yeterem
370 1715 425 1778 reli
448 1715 548 1779 'onem
560 1715 773 1780 Kalendarum
784 1718 1006 1779 Januariarum
1020 1714 1193 1780 inchoando
1200 1736 1282 1778 anuo

220 1798 355 1862 retinuit.
402 1739 515 1886 ,fsque
529 1800 644 1886 recepti
658 1813 731 1865 sunt
746 1803 826 1865 inter
845 1823 913 1863 reos
928 1800 1056 1865 Carinas
1070 1799 1171 1875 Celer,
1186 1800 1283 1862 Sena·

220 1894 281 1961 tor,
293 1907 381 1949 servo
400 1899 573 1962 accusante,
593 1898 649 1949 aut
663 1886 772 1949 Julius
787 1886 923 1963 Densus,
946 1885 1112 1971 Equester,
1127 1883 1179 1947 cui
1193 1884 1282 1948 favor

221 1967 253 2033 in
269 1968 482 2033 Britannicum
498 1969 618 2033 crimini
632 1970 776 2037 dabatur.

545 2071 994 2177 numoscm'

261 2230 325 2295 XI.
351 2230 484 2296 Claudio
504 2232 639 2308 Nerone,
656 2228 694 2294 L.
708 2228 846 2295 Antistio
858 2252 938 2296 coss.
951 2254 1023 2295 eum
1034 2233 1066 2295 in
1081 2242 1150 2296 aeta
1161 2227 1279 2294 Princi-

219 2400 282 2449 Bud.
295 2401 331 2450 ed.
341 2416 377 2465 pr.
386 2401 493 2449 Rhenau.
504 2409 527 2448 et
537 2416 599 2465 seqq.
617 2402 733 2451 AstVan.
765 2403 870 2451 omnium
889 2404 1025 2467 Principum
1044 2402 1123 2459 fasces,
1145 2410 1169 2450 et
1189 2416 1280 2465 semper

220 2465 300 2514 Guelf.
319 2466 410 2514 Puteol.
426 2464 533 2514 Beroald.
544 2466 598 2514 Alc.
614 2469 674 2527 quod
689 2483 735 2524 ηας
765 2468 862 2516 laureati
873 2479 964 2517 essent:
981 2484 1054 2532 eaque
1064 2476 1118 2514 nota
1132 2466 1234 2514 maxime
1244 2465 1281 2513 di-

220 2531 282 2594 quod
290 2531 443 2593 meliusputn.
460 2529 499 2578 Sic
508 2545 582 2578 moxz
608 2531 735 2578 Undcdts-
766 2533 966 2595 stinctusavulgo
982 2533 1099 2594 Princeps.
1132 2529 1281 2578 Herodianus

220 2595 299 2642 cordio
310 2595 570 2652 interducesfflNero
586 2609 631 2655 quo
642 2609 733 2656 compo·
766 2595 795 2643 de
812 2595 931 2644 Gordiano
949 2599 973 2654 7,
994 2596 1031 2642 lt.
1074 2593 1154 2641 [ἕπετο
1177 2593 1198 2641 tt
1220 2594 1281 2648 αὐτῷ

220 2660 404 2707 investiamur.
427 2657 475 2705 Ubi
486 2659 574 2706 diversi
585 2667 641 2706 sunt
650 2657 734 2706 discor-
766 2662 853 2712 πᾶσαὴ
868 2661 974 2712 βασιλικὴ
990 2662 1076 2717 πομπή.
1094 2664 1139 2703 τῶν
1153 2656 1192 2715 pls
1210 2673 1280 2717 στρα-

219 2721 268 2780 ties,
281 2721 421 2770 simultatem
433 2731 570 2770 exercentes.
597 2721 655 2770 Post
665 2724 733 2769 inclt'-
764 2729 851 2768 τιωτῶν
863 2722 1100 2778 reinsumimus,
1118 2725 1219 2782 σχήματι
1235 2725 1279 2764 ros

220 2789 337 2834 notioraem
348 2785 548 2848 quandomfflud.
560 2784 634 2846 Ven.)
652 2785 732 2834 Guelf.
766 2784 824 2831 κατὰ
839 2785 924 2846 Ῥώμην
941 2787 1056 2844 προϊόντων
1075 2785 1197 2849 δορυφόρων.
1214 2781 1240 2827 αι’
1253 2799 1279 2827 rs

219 2850 310 2898 Puteol.
321 2859 364 2897 etc.
381 2850 419 2898 sed
434 2849 528 2897 ablativi
539 2850 644 2897 meliores
654 2865 667 2898 a
679 2864 734 2897 con-
765 2848 836 2908 ῥίιὲδοι
856 2849 1018 2909 ὲδαφνηφόρουν,
1035 2847 1088 2910 desp
1104 2846 1153 2894 ἐστὶ
1172 2845 1279 2904 sipiano

218 2914 339 2962 manuue
353 2913 437 2962 Taciti.
454 2914 527 2961 ERN.
557 2914 587 2960 In
598 2913 661 2961 Bud.
673 2915 733 2975 quod
762 2912 794 2964 sic
812 2911 837 2958 'tl
854 2912 961 2970 διαγνῶναι
980 2911 1022 2964 τὰς
1038 2908 1160 2962 βασιλικὰς
1175 2909 1219 2955 &ab
1234 2913 1279 2956 τῶν

218 2993 234 3025 s
248 2980 271 3025 2.
287 2993 320 3024 m.
335 2978 513 3041 superscriptum
531 2985 573 3024 est.
605 2977 694 3026 Melius
709 2977 734 3025 id
764 2973 883 3022 ἰδιωτικῶν.
906 2971 1278 3038 Capitolinusiniilaximinisll.

236 3050 286 3089 utat
296 3041 373 3090 Rhen.
390 3050 414 3088 et
428 3048 480 3104 post
490 3043 605 3103 jurgium
620 3049 732 3104 punctum
764 3039 825 3085 Inde
845 3040 1015 3101 Coniugium
1033 3041 1097 3086 iuuit
1118 3052 1173 3084 cum
1189 3050 1278 3096 poento

279 3141 285 3151 .
319 3106 406 3153 Parum
416 3105 499 3152 referre
506 3105 609 3153 arbitror.
763 3104 848 3163 regali,
860 3112 883 3152 ct
889 3104 1068 3166 protectoribus,
1084 3109 1107 3149 ct
1113 3101 1219 3163 foecibus
1225 3101 1278 3146 lau·

145 3212 153 3224 ,
250 3171 364 3217 Fascibus
380 3170 558 3232 Imperatoria]
580 3168 619 3216 De
635 3169 734 3217 fascibus
761 3170 841 3215 rectis.
857 3165 1199 3228 Quandoidcoeperit,ignoroe
1210 3163 1278 3225 parsl-

219 3233 390 3296 Imperatorum
401 3233 448 3280 sive
456 3233 592 3296 Principum
608 3237 661 3286 (nec
671 3233 733 3280 enim
761 3230 829 3278 latim
849 3231 944 3295 quidem
959 3244 1006 3277 nou
1024 3230 1102 3278 solum
1119 3227 1217 3275 lauroeti
1235 3226 1278 3274 ad·

218 3297 275 3348 alios
282 3297 321 3346 hic
331 3295 455 3360 intelliges)
466 3296 553 3344 docebo
560 3298 670 3356 juvenes:
686 3295 732 3344 iore
762 3294 828 3342 missi
838 3295 919 3354 fucas,
930 3295 970 3342 ssd
981 3301 1004 3341 et
1018 3294 1099 3341 aurati,
1133 3289 1277 3339 Claudianus

217 3360 304 3420 ftut‚et
317 3360 429 3424 quosdam
444 3375 515 3408 sena.
549 3359 615 3409 Olim
626 3374 673 3418 non
688 3360 733 3409 nisi
760 3357 786 3404 in
804 3359 829 3409 6.
849 3359 919 3408 Cous.
942 3357 1042 3405 Honorii
1060 3357 1277 3415 dila-ogaoswat

218 3423 372 3488 Magistratus
394 3425 479 3488 Populi
497 3424 606 3483 Romani,
628 3432 671 3470 aut
691 3423 733 3488 qui
761 3429 839 3470 roetro
855 3424 947 3470 canales
962 3422 1066 3468 Auditus
1080 3420 1196 3480 quosdam
1202 3431 1277 3480 poa-

219 3503 273 3538 cum
284 3488 380 3552 imperio
389 3489 414 3535 in
430 3488 561 3552 provinciis,
577 3487 677 3538 munus
688 3488 732 3536 usi.
760 3489 812 3534 viss
830 3488 973 3548 emaque.
983 3488 1060 3546 cingit
1076 3485 1168 3544 Regius
1184 3481 1275 3529 aaran

219 3552 285 3611 Quid
296 3567 350 3615 ergo
365 3552 475 3616 Princeps
484 3553 510 3600 in
524 3555 589 3611 urbe,
605 3552 624 3600 si
638 3551 731 3602 nullum
753 3551 925 3615 sorososcs'ios
939 3550 1095 3610 Ulpiotictor.
1110 3548 1186 3594 Iurs.
1235 3588 1237 3592 ,

217 3624 303 3677 gereret
318 3616 458 3664 ordinarium
476 3615 661 3679 Magistratum?
685 3616 732 3664 Ni·
794 3616 933 3664 Consularis
955 3613 1074 3676 irrogata]
1091 3609 1149 3661 coo
1170 3609 1234 3657 Flor.
1251 3614 1278 3657 et

212 3679 265 3726 'hilo
275 3679 348 3728 secius
361 3680 433 3728 fasces
444 3680 567 3729 duodecim
580 3680 624 3728 illi.
657 3679 731 3743 Origo
760 3679 824 3727 Bud.
835 3687 855 3726 et
868 3681 936 3728 Coos.
947 3681 992 3726 im.

217 3742 250 3792 rei
262 3745 293 3791 ab
309 3744 435 3807 Augusto,
452 3745 518 3806 cujus
536 3743 618 3792 honori
632 3743 732 3792 Seuams
793 3745 890 3806 Recepti
898 3750 952 3791 suut
960 3741 1091 3804 internos]
1100 3739 1201 3789 SicMS.
1210 3737 1275 3786 Flos.

215 3807 314 3856 tecam
323 3824 376 3856 au.
385 3808 440 3864 735.
450 3809 485 3856 uti
491 3807 613 3858 Gonsulari
621 3813 732 3882 potestate
760 3807 839 3856 (lueis.
850 3815 875 3855 et
888 3807 943 3856 editi
956 3821 1036 3854 ornnes
1051 3814 1146 3863 rueres,
1162 3817 1216 3876 non¹
1226 3802 1273 3848 Be·

216 3865 1275 4003 ffiffifflfflfflffifflfflffiffifflfflffissfflssffiff

218 4001 360 4050 τῶνῦπάτων
372 3998 730 4062 terralotritissimis-atses
758 4010 846 4048 mutet
861 4014 982 4063 opnamm
995 3996 1058 4044 vitio
1091 3998 1160 4043 Inter
1173 3999 1273 4041 resillffli

124 4086 132 4100 ¹
217 4062 254 4110 ael
265 4066 314 4118 sais
325 4063 408 4111 δώδεκα
421 4064 505 4128 ράἐὸοις
521 4064 553 4110 s'ul
569 4062 605 4112 καὶ
616 4065 730 4125 πανταχοῦ
757 4064 784 4112 J,
794 4064 932 4112 Gronovius.
958 4062 1083 4125 Sicmster
1092 4055 1271 4122 loqmturotinm

217 4126 730 4254 illil‘tt‘llililit‘ilsilliif'ili!
758 4129 1207 4252 ³’illabilivnnuimuraoo.

217 4268 263 4316 que
273 4267 359 4302 morem
371 4263 494 4304 tenuerunt
509 4253 627 4317 Principes
640 4251 728 4300 meunt
784 4256 847 4304 Arsa
859 4253 1015 4316 Principum]
1031 4251 1096 4324 Nur,
1106 4257 1136 4324 nt
1145 4253 1273 4309 receptum,

216 4315 250 4364 ito
258 4325 285 4363 ut
294 4318 386 4365 laurum
397 4327 474 4366 tamen
485 4319 584 4367 issdbus
596 4330 643 4363 non
659 4313 730 4363 adda·
758 4321 890 4382 Princ'pts.
921 4319 1039 4366 Jumhmt
1052 4328 1115 4361 enun
1128 4327 1154 4359 rn
1164 4319 1215 4385 acta
1224 4324 1273 4356 non

217 4388 278 4438 rent,
295 4382 339 4428 nisi
356 4383 380 4428 in
397 4381 505 4430 victoria:
529 4381 564 4429 uti
580 4380 618 4428 hic
635 4379 731 4428 fuctum.
757 4383 836 4441 unitis,
852 4383 895 4445 qui
910 4381 1064 4443 imperitabat,
1075 4376 1115 4425 sed
1128 4384 1150 4424 et
1161 4387 1273 4437 priorum·

124 4484 128 4493 .
216 4443 348 4494 assurim
368 4461 408 4509 per
422 4443 577 4494 adulatimem
597 4443 686 4506 irrupit,
705 4451 734 4491 ut
760 4443 1058 4497 Diummutnsutoaa.
1081 4441 1140 4489 Euo.
1149 4437 1272 4488 Aluus.
