3042 4950
246 235 301 293 132
659 229 890 289 ANNALIUM
1131 228 1179 301 [Λ.
1193 244 1226 284 u.
1241 227 1309 285 808³

245 396 372 460 obvium
392 393 588 473 Quadratum
606 394 728 474 habuit,
747 394 822 457 illuc
835 411 1047 481 proeressum,
1065 410 1116 467 ne,
1134 388 1161 452 si
1174 387 1216 451 ad
1229 386 1310 451 aeci-

245 479 374 567 piendas
387 479 491 566 copias
504 479 628 565 Syriam
642 479 817 544 intravisset
831 450 982 554 Corhulo,
1003 474 1144 539 omnium
1158 496 1213 537 ora
1225 472 1259 534 in
1277 495 1309 535 se

246 576 390 643 verteret,
405 586 534 651 corpore
547 564 667 651 ingens,
687 565 790 628 verbis
804 563 998 660 magnificus,
1020 573 1061 637 et,
1082 582 1175 646 super
1188 555 1310 645 experi-

241 650 360 713 entiam
377 649 630 735 sapientiamque,
646 650 739 713 etiam
754 647 854 733 specie
867 646 1007 710 manium
1020 644 1153 709 validus.
1303 714 1308 724 ,

290 736 354 798 ΙΧ.
371 737 518 799 Ceterum
531 746 663 821 uterque
672 732 853 818 Vologesen
863 731 988 817 Regem
1001 728 1119 793 nuntiis
1131 728 1311 805 monebant,

248 827 270 875 t‘
281 842 389 919 pacem
402 842 498 905 quam
511 819 630 883 bellum
643 816 759 898 mallet,
774 816 919 902 datisque
931 814 1101 892 obsidibus,
1113 814 1234 879 solitam
1248 813 1313 899 pri-

246 905 354 969 oribus
373 904 575 969 reverentiam
591 904 624 966 in
639 902 800 988 Populum
812 904 992 965 Romanum
1005 899 1227 964 continuaret”
1263 898 1312 961 Et

248 990 430 1077 Vologeses,
445 1012 510 1075 quo
522 988 641 1053 bellum
654 1012 693 1051 ex
708 987 872 1052 commodo
882 998 1016 1072 pararet,
1031 1007 1083 1062 an,
1091 999 1129 1048 ut
1142 982 1312 1047 aemulatio·
1329 997 1335 1008 “

248 1074 296 1137 nis
311 1088 479 1160 suspectos,
494 1096 550 1159 per
565 1095 678 1137 nomen
696 1071 853 1148 obsidum,
868 1083 1035 1147 amoveret,
1050 1068 1147 1133 tradit
1160 1067 1312 1132 nobilissi-

248 1181 316 1223 mos
334 1182 373 1221 ex
395 1158 513 1222 familia
531 1158 765 1222 Arsacidarum.
810 1156 1005 1243 Accepitque
1019 1178 1071 1219 eos
1086 1152 1237 1218 Centurio
1251 1152 1316 1215 Hi„

249 1244 354 1318 stema,
370 1244 410 1307 ab
420 1243 582 1306 Ummidio
597 1243 706 1306 missus
719 1242 801 1306 forte
813 1242 920 1328 priore
930 1240 970 1303 de
983 1263 1101 1316 caussa,
1112 1238 1198 1302 adito
1213 1240 1312 1323 Rege,

250 1330 343 1406 Quod
352 1343 518 1413 postquam
528 1328 700 1392 Corbuloni
712 1329 874 1412 cognitum
887 1340 945 1402 est,
957 1333 978 1363 “
988 1326 1050 1387 ire''
1059 1324 1249 1388 Praefectum
1260 1345 1313 1386 co-

249 1409 357 1489 hortis,
371 1413 501 1477 Arrium
513 1416 642 1488 Varum,
664 1420 727 1475 “et
744 1412 916 1499 reciperare
929 1409 1069 1473 obsides”
1078 1409 1180 1496 jubet.
1224 1408 1312 1470 Hinc

248 1512 353 1563 ortum
367 1498 447 1563 inter
462 1499 651 1563 Praefectum
672 1511 703 1560 et
718 1497 940 1561 Centurionem
961 1495 1105 1581 jurgium
1132 1515 1172 1557 ne
1193 1492 1312 1557 diutius

248 1658 325 1697 tamen
337 1650 361 1708 3,
373 1650 428 1705 227.
440 1657 462 1699 et
475 1658 585 1699 ertremae
599 1656 707 1699 retorserat
721 1664 764 1696 aa·
796 1647 1027 1713 lidus,quomodo3,
1035 1648 1075 1694 24.
1084 1645 1254 1695 aaltdadieitur
1261 1642 1315 1692 Aa·

249 1716 425 1774 valtheaAEgae.
445 1714 483 1762 sie
489 1716 551 1762 enim
558 1713 683 1777 legendum
690 1715 761 1777 p‘uto:
780 1716 863 1775 gusti
879 1716 905 1759 ia
921 1713 1005 1775 Remp.
1015 1710 1126 1773 sartura.
1161 1708 1225 1757 Mihi
1240 1707 1315 1769 potior

249 1793 296 1825 non
307 1777 422 1825 cateruae?
433 1779 580 1841 Stephanusz
598 1779 661 1838 Αἰγαὶ
673 1778 765 1823 πολλαί·
797 1779 865 1826 lectio
877 1776 1007 1829 Puteolani,
1017 1775 1125 1823 Beroaldi
1135 1783 1177 1822 ete.
1188 1772 1315 1834 eadenque

248 1844 315 1894 πόλις
324 1843 432 1897 Κιλικίας,
445 1852 486 1889 etc·
512 1843 603 1889 Plinius
614 1845 637 1899 5,
647 1843 686 1887 22·
698 1843 765 1903 oppi-
798 1841 883 1890 Veneti
892 1840 942 1887 uod.
954 1848 1010 1887 teste
1020 1840 1129 1897 Pichenn,
1137 1836 1270 1899 etnlaipflln
1280 1850 1316 1883 ΥΘ·

250 1906 307 1951 dum
325 1906 397 1963 AEgoe
414 1907 521 1962 liberum,
538 1908 615 1953 amnis
635 1908 764 1965 Pyramus,
798 1905 887 1960 stituta,
899 1902 1238 1965 abErnestiobeneexposita.
1255 1904 1315 1947 rna·

250 1970 333 2016 Portoe
356 1969 454 2015 entare.
495 1969 647 2017 Philostratus
669 1967 698 2014 de
719 1968 767 2015 vite
799 1971 840 2015 nia
850 1968 968 2024 dicuntur,
975 1976 1003 2013 ut
1009 1967 1043 2013 H.
1055 1970 1080 2024 2,
1087 1969 1127 2014 30.
1138 1967 1218 2012 tranis
1221 1966 1305 2027 favor.

214 2028 216 2039 Ι
249 2032 361 2095 Apollon-
379 2031 401 2091 l,
417 2035 454 2079 12.
483 2035 575 2090 Κᾷκεῖνα
594 2036 635 2084 τῆς
655 2033 673 2077 ir
691 2032 767 2087 Αἰγαῖς
832 2034 873 2079 Ex
884 2046 949 2092 oequo
962 2032 1043 2095 nwdo]
1061 2030 1115 2078 Nisi
1124 2029 1200 2087 fallor,
1212 2031 1238 2075 τὸ
1247 2029 1316 2075 modo

251 2096 372 2164 drarprfiic.
382 2129 388 2141 .
398 2096 436 2144 ,Ὃ
454 2096 476 2143 δῖ
495 2098 604 2158 ἔῤῥῶσὲαι
620 2098 718 2157 φράσας,
737 2091 768 2151 οἷς
798 2099 919 2157 rapinum
936 2104 977 2143 aut
985 2104 1044 2143 certe
1054 2110 1108 2142 cum
1116 2095 1222 2141 Meroem
1229 2092 1315 2155 legun,

251 2160 361 2222 ἔπραττεν
379 2160 411 2219 (ἓν
429 2164 524 2222 Ταρσοῖς
545 2160 589 2221 ἄρα
609 2159 686 2219 ἀγορὰν
703 2157 765 2217 ἦγεν)
799 2160 1049 2207 commodamus.
1069 2162 1110 2205 Ea*
1118 2156 1316 2220 cmnnwdo,quod

252 2223 547 2283 ἓξωρμήθηιῖςτὰςΑἷγᾶς.
572 2221 774 2280 Ιᾱεῐηνίιῗ,4.“
799 2223 918 2270 voluerant
938 2223 1047 2270 Muretus
1063 2232 1086 2270 et
1104 2222 1233 2280 Meroems,
1255 2228 1316 2268 recte

250 2285 275 2333 in
286 2285 418 2335 antiochos
440 2289 548 2350 Ἀντίοχον
566 2289 601 2334 ris
619 2287 726 2339 Σοφιστὴν
744 2288 768 2329 αἱ
800 2286 903 2334 Pichentt
919 2287 1011 2349 reoepit,
1025 2286 1149 2347 evestigiis
1161 2285 1218 2332 MS.
1233 2284 1270 2331 Fi.
1285 2298 1315 2330 ex

252 2351 342 2395 Κιλίκων
352 2351 414 2408 Αἰγαὶ
421 2350 518 2403 ἤνεγκαν.
534 2349 608 2411 Apud
617 2349 718 2396 Dionem
726 2349 766 2405 ⁴17,
800 2364 845 2411 quo
855 2351 931 2397 modo.
962 2349 1064 2411 Antiqui
1078 2349 1104 2395 in
1114 2348 1232 2395 nonnullis
1242 2347 1317 2395 verbis

251 2415 292 2463 30.
302 2421 350 2469 ests
369 2415 405 2459 nal
417 2416 465 2469 τοὺς
474 2414 573 2476 Ταρσέας
585 2414 686 2467 iravrlwr
697 2430 769 2474 προσ·
800 2414 858 2474 QV.
869 2428 912 2478 pro
918 2411 951 2461 C.
963 2413 1099 2471 mribebsut,
1108 2412 1170 2476 quod
1177 2411 1264 2459 librarii
1275 2424 1318 2457 an-

252 2477 767 2543 λαέὼνφρουροῦςτιναςαύτοῦἐνΛῖγέαιςὸντας
801 2479 818 2526 ti
835 2478 1108 2526 uariiinoerdumimitati
1116 2485 1177 2526 sunt.
1196 2477 1317 2524 Sicinno-

252 2542 346 2592 ἐνίκησε.
377 2542 423 2589 Sed
434 2541 467 2588 ibi
482 2555 575 2605 quoque
586 2540 707 2604 Xylander
717 2555 768 2586 ma·
800 2542 1318 2603 b''SCtoeontraBaochanalia,1adoquol-

254 2606 419 2662 vultirntyaif.
438 2605 518 2664 Quare
525 2621 609 2662 vereor,
618 2605 769 2653 neetStrabo
799 2609 847 2661 ted,
864 2621 907 2670 pro
921 2609 948 2654 hs
964 2607 1056 2657 oculto:
1073 2606 1124 2654 heo
1139 2606 1201 2654 enim
1216 2621 1269 2653 vera
1283 2605 1317 2652 ibi

251 2669 378 2731 scripserit,
391 2667 482 2717 Μιτὰδὶ
490 2670 657 2726 ΜαλλὺνΑἰγαί.
673 2668 706 2716 Et
712 2683 768 2715 mox
799 2671 875 2728 lectio,
888 2685 935 2718 non
944 2672 1092 2731 iadoaolgod‚
1102 2680 1129 2718 ut
1137 2670 1189 2721 vult
1202 2669 1237 2716 in.
1249 2669 1317 2716 Mar-

253 2732 319 2780 Μετὰ
337 2733 358 2777 a
371 2733 439 2788 Αἰγὰς
450 2733 532 2784 ’tarta
555 2733 646 2780 Gaou.
678 2735 769 2794 AEgear
800 2735 886 2782 feusin
898 2735 982 2782 latoria
992 2734 1048 2798 dipl.
1059 2751 1084 2798 p.
1096 2736 1148 2783 124.
1176 2733 1317 2782 ceterilibri

252 2803 330 2844 tamen
342 2795 415 2842 MSS.
426 2795 489 2844 Flor.
498 2796 557 2860 neg.
571 2801 631 2859 Agr.
644 2796 722 2844 Guelt'.
731 2796 769 2843 ed.
800 2798 921 2846 habentes
928 2813 993 2859 aeqao
999 2800 1072 2845 modo.
1093 2799 1318 2856 Senmsesqutma·

251 2873 286 2922 pr.
320 2859 389 2906 Unde
400 2859 481 2907 merito
492 2869 617 2922 receptum.
634 2860 706 2907 Ean.
798 2863 873 2922 jurem
883 2863 1078 2926 opportunitatem
1086 2862 1142 2910 belli
1152 2861 1249 2926 parandi
1257 2876 1317 2909 nan·

285 2917 589 2989 Spectetaoatumoalidus]
600 2924 708 2982 Restitui,
715 2939 769 2972 meo
800 2925 1066 2982 ammaumlaxamento
1071 2927 1127 2975 belli
1133 2935 1233 2990 accepto.
1244 2927 1317 2974 Ean.

252 2986 338 3042 animo,
347 3002 405 3034 vere.
427 2986 537 3046 Corbulo,
544 2987 630 3050 inquit,
640 3003 686 3036 non
693 2988 768 3036 solum
801 2989 865 3036 Bud.
873 2990 911 3038 al.
921 2990 1165 3038 m.videturhabuisse
1171 3004 1237 3050 oeqrro
1243 2992 1319 3039 modo.

252 3065 306 3097 vera
323 3051 407 3098 virtute
425 3053 583 3114 sapientiaque
601 3066 708 3113 magnus,
728 3052 769 3098 sed
836 3056 948 3102 Centurio
955 3054 1318 3118 Hottorr'mWateodCeata-

253 3114 323 3160 etiam
334 3115 424 3162 animos
435 3115 525 3163 allicere
535 3117 621 3178 peritus
632 3116 706 3178 speeie
717 3116 768 3162 ina·
803 3120 840 3163 rio
851 3119 958 3166 Hirtius.
985 3118 1083 3174 Parum,
1094 3126 1135 3165 aut
1145 3118 1205 3165 nihil
1216 3126 1265 3175 est;
1282 3125 1318 3164 ta·

252 3177 333 3234 nium;
346 3177 371 3224 id
382 3180 540 3241 estgestibus,
549 3180 632 3239 verbis,
641 3179 770 3290 habitque
800 3196 855 3231 men
874 3182 935 3229 infra
955 3190 1008 3245 post
1024 3182 1150 3230 triennium
1165 3182 1191 3228 in
1209 3181 1246 3228 his
1263 3181 1319 3229 locis

253 3249 356 3289 externo.
386 3242 421 3289 At
440 3243 511 3290 nostri
527 3258 630 3294 censores
645 3258 716 3307 quam
748 3243 769 3291 ic
802 3248 878 3294 Istius
891 3247 975 3308 Capsa
983 3254 1025 3305 est,
1038 3254 1170 3294 castrorum
1180 3245 1316 3307 prosector.

253 3314 339 3361 mente,
347 3313 372 3352 ut
380 3305 413 3353 ait
419 3305 467 3363 ille,
475 3307 585 3354 exsensa!
610 3309 697 3356 Beatus
705 3307 768 3369 legit,
802 3309 877 3357 ans.
895 3309 952 3358 Cori.
962 3310 1025 3357 Flor.
1043 3308 1318 3372 Hirtetar.Reg,Guelt'.

253 3384 293 3431 spe
303 3370 411 3416 animum
420 3372 519 3422 ualidus,
530 3386 571 3434 pro
581 3373 720 3429 animorum,
732 3373 769 3417 in·
802 3373 859 3436 Agr.
871 3373 908 3421 ed.
920 3389 956 3436 pr.
968 3383 1094 3438 ceterasque
1103 3376 1237 3431 Harmas,
1244 3375 1319 3436 usque

253 3431 312 3495 quit.
329 3431 474 3494 vastantur,
485 3450 525 3496 ape
535 3437 676 3482 immanium
684 3435 770 3482 seilicet
802 3437 832 3483 ad
843 3437 920 3485 Rhen-
932 3437 974 3500 qui
984 3437 1111 3486 Hortarius
1121 3438 1186 3486 dedit
1199 3452 1255 3485 cum
1270 3453 1318 3512 aeqv

253 3511 340 3544 renim.
366 3497 769 3562 Cambonagradaabitaquaeso,
803 3500 908 3564 Ryckius
920 3508 988 3564 putat
1002 3503 1218 3551 laudassent).
1235 3510 1320 3564 recepit

253 3560 512 3624 etcucurbitaspingite.
520 3561 595 3609 hirs.
610 3563 770 3625 spectenss
803 3564 978 3612 Iallemannus.
994 3565 1067 3613 Ean.
1102 3567 1168 3613 Brot.
1179 3568 1299 3615 Histriae.

253 3623 319 3672 nlor.
331 3625 382 3688 (sed
392 3624 475 3673 deinde
485 3629 627 3687 inanimam,
639 3635 666 3678 ut
677 3626 713 3674 ed.
721 3630 769 3690 pr.)
836 3630 924 3676 Priora
943 3630 971 3675 de
991 3626 1090 3691 caussa]
1112 3629 1209 3679 Murato
1226 3629 1318 3688 accedo,

254 3687 334 3736 Guelf.
346 3687 383 3736 ed.
397 3689 700 3739 PuteolBeroald.Alciat.
724 3691 770 3738 Sed
798 3695 870 3754 prior
880 3707 906 3742 aa
917 3694 1045 3753 doraum,
1060 3694 1153 3756 legenti.
1168 3694 1244 3744 hirs.
1272 3693 1320 3742 Sed

253 3751 290 3800 ed.
299 3767 333 3814 pr.
343 3767 415 3817 spem,
423 3761 502 3800 oeterae
508 3769 554 3815 spe.
570 3755 770 3818 Sicedpr.etiam
800 3757 1321 3822 sicinoerpungendum,utnuncert,nonpost

253 3823 307 3863 ante
315 3818 467 3878 apompeus
473 3833 515 3880 pro
522 3821 610 3878 specte:
619 3835 646 3866 aa
652 3834 712 3882 sape
720 3819 771 3866 ista
802 3821 896 3867 misum
902 3819 965 3868 Bua
970 3824 1053 3883 priore
1059 3823 1087 3869 da
1095 3837 1190 3870 marra.-
1201 3822 1264 3886 quod
1271 3835 1320 3870 non

202 3934 204 3939 ,
254 3893 320 3928 voces
328 3881 437 3928 confusa.
451 3881 538 3929 Caussa
546 3891 589 3940 est,
597 3882 659 3945 quod
668 3898 770 3946 cumper
802 3884 900 3932 debebat
907 3885 1006 3934 mutaris
1024 3885 1109 3948 planus
1117 3886 1319 3944 smmaobaliad

254 3944 418 4006 compendium
424 3945 559 3994 scriberetur
565 3950 613 4008 spe,
623 3947 679 3994 utin
688 3946 724 3994 ed.
733 3963 769 4009 pr.
802 3948 922 4010 negotium
935 3948 995 3997 forte
1008 3950 1093 3998 missis
1107 3959 1157 4000 erat
1171 3949 1203 3998 ad
1217 3950 1318 4013 Regem,

254 4023 274 4058 c
290 4009 331 4056 31.
348 4009 441 4072 signum
456 4023 507 4056 rom
525 4010 587 4058 endii
601 4009 711 4058 omissum
728 4020 770 4058 est.
802 4027 873 4122 quem
888 4026 953 4060 nune
970 4013 1035 4074 adiit,
1055 4022 1083 4062 ut
1095 4015 1206 4078 acciperet
1222 4014 1320 4066 obsides.

255 4073 341 4120 Sensus
351 4082 398 4120 ests
418 4072 487 4120 etiam
519 4073 707 4128 iainerantriro‚
733 4091 771 4124 ua
820 4075 942 4139 ieetBip.

254 4135 350 4198 quidem
360 4136 391 4184 ad
404 4137 492 4185 bellum
507 4147 530 4185 et
544 4137 631 4200 Remp.
645 4153 714 4200 gersa
823 4160 825 4168 ·
836 4141 977 4202 Ractpmme
988 4141 1088 4206 οὸιίᾶιε]
1100 4142 1138 4200 Sia
1148 4142 1212 4190 Flor.
1221 4142 1273 4192 edd.
1282 4158 1319 4207 pr.

176 4249 181 4258 ,
256 4200 291 4246 nil
302 4201 386 4259 valent,
397 4209 499 4250 ceterum
507 4216 617 4264 magnam
625 4201 673 4248 vim
683 4203 771 4249 habent
803 4202 869 4251 Pich.
881 4219 946 4268 seq.
972 4204 1060 4254 caera
1071 4206 1123 4254 edd.
1136 4209 1248 4268 recipere,
1259 4216 1320 4255 utet

257 4261 288 4308 sd
310 4264 400 4311 mimos
424 4264 583 4328 imperitorum
609 4265 770 4313 conciliandos
803 4267 882 4315 Guelf.
935 4268 1319 4320 udmeliusrvolebatobsidessrhi

256 4321 328 4370 Ean.
346 4327 408 4373 Bud.
424 4329 494 4376 haber
504 4345 543 4390 spe
554 4331 580 4377 ia
590 4332 697 4377 citimum
709 4331 769 4376 vali·
802 4339 926 4395 prereptos
935 4333 1020 4382 suferri
1030 4334 1160 4382 Ummidio.
1176 4335 1249 4383 Ean.

256 4387 306 4437 dur·
335 4386 389 4448 Bip.
400 4391 481 4454 legunt
491 4397 564 4462 specte
572 4397 597 4442 ia
609 4395 715 4446 aramum
729 4410 770 4442 aa·
836 4397 878 4444 Ne
888 4397 979 4445 diutius
990 4399 1107 4463 cateruis]
1119 4400 1157 4448 Sia
1168 4398 1241 4448 MSS.
1256 4399 1319 4450 Hor.
