3042 4950
245 203 304 266 sna
496 213 499 218 ·
645 209 873 271 insaniunt
1127 216 1214 288 [aa.
1230 218 1299 277 sao.

244 383 356 455 sponte
367 368 486 446 absenS,
498 369 601 433 funeri
609 393 671 435 non
685 372 836 435 interfuit.
880 374 960 449 Quae
970 371 1139 437 oblitterari
1150 397 1212 439 non
1221 376 1302 444 siueae

244 454 417 541 batCapito
426 454 638 533 Cossutianus,
671 456 1086 545 raeteranimumadflagitia
1095 460 1298 545 praecipitem,
1345 456 1349 459 ⁴

242 538 384 603 inimicus
399 537 557 617 Thrasea,
575 480 669 625 quod
675 541 856 603 auctoritate
869 542 939 626 ejus
952 542 1143 620 eonc'ulisset,
1157 545 1299 628 juvantis

243 623 377 687 Cilicum
392 622 520 709 legatos,
534 624 612 686 dum
627 625 809 711 Capitonem
823 625 1067 709 repetundarum
1081 627 1283 713 interrogant.

286 708 406 771 XXII.
430 707 514 784 Quin
540 719 570 770 et
594 708 646 771 illa
670 709 863 793 objectabat:
897 709 1080 795 “principio
1101 712 1175 773 anui
1199 713 1297 776 vitare

243 792 414 855 Thraseam
437 790 570 855 sollenne
585 793 825 877 jusjurandum:
848 793 1133 878 nuncupationibus
1154 803 1296 859 votorum

241 899 303 939 non
324 875 440 953 adesse,
455 876 597 963 quamvis
620 876 891 953 Quindecimvirali
913 876 1092 942 Sacerdotio
1106 880 1294 964 praeditum:

237 983 304 1024 nun
327 984 399 1025 uam
420 982 478 1045 pro
500 961 597 1023 salute
618 960 781 1046 Principis,
795 974 850 1023 aut
864 960 976 1024 caelesti
990 984 1065 1024 voce
1078 962 1293 1028 inmolavisse:

240 985 406 1109 adsiduum
420 1044 492 1107 olim
508 1059 539 1109 et
552 1045 751 1121 indefessum,
767 1046 822 1129 qui
836 1044 1017 1130 vulgaribus
1024 1069 1067 1130 qu
1111 1070 1150 1110 ue
1164 1050 1296 1112 Petrum

211 1186 219 1194 .
239 1129 386 1196 consultis
408 1142 503 1192 semet
524 1130 676 1193 fautorem
695 1143 750 1192 aut
772 1129 982 1192 adversarium
1001 1070 1185 1211 osteiideret,
1200 1133 1296 1195 trien-

239 1214 292 1278 nio
311 1238 374 1278 non
395 1214 546 1277 introiisse
566 1214 702 1277 curiam:
727 1214 976 1299 nuperrimeque,
1003 1238 1074 1277 cnm
1091 1216 1132 1277 ad
1152 1239 1296 1279 coercen-

239 1300 295 1363 dos
312 1299 449 1362 Silanum
472 1312 502 1361 et
517 1299 664 1363 Veterem
683 1299 822 1361 certatim
837 1312 1082 1373 concurreretur,
1096 1300 1223 1395 privatis
1236 1324 1305 1386 ρο-Χ

238 1382 301 1448 tius
309 1382 466 1447 clientium
476 1384 609 1467 negotiis
621 1380 790 1447 vacavisse:
807 1382 1004 1452 secessionem
1016 1382 1081 1467 jam
1097 1384 1128 1445 rd
1140 1397 1294 1468 etparteS,
1342 1389 1345 1391 ’

237 1482 279 1545 et,
295 1468 323 1532 si
334 1468 416 1531 idem
431 1467 521 1529 multi
535 1467 681 1543 audeant,
697 1466 813 1531 bellum
829 1490 902 1529 esse.
947 1468 995 1529 Ut
1004 1467 1161 1551 quondam
1173 1471 1208 1531 C.
1223 1468 1295 1531 Cae-

238 1554 366 1629 sarem,''
381 1552 494 1637 inquit,
511 1562 571 1614 “et
587 1554 634 1614 Μ.
652 1552 814 1628 Catonem,
829 1550 873 1613 ita
886 1573 969 1613 nunc
982 1565 1022 1627 te,
1039 1552 1134 1627 Nero,
1146 1567 1177 1615 et
1187 1551 1295 1615 'Phra-

237 1660 318 1700 seam
341 1635 433 1699 avida
452 1636 674 1699 discordiarum
697 1635 805 1699 civitas
826 1634 975 1720 loquitur.
1019 1637 1065 1697 Et
1083 1634 1177 1698 habet
1197 1651 1295 1698 secta·

226 1736 328 1799 tores,
355 1722 403 1783 vel
428 1720 531 1805 potius
554 1720 707 1797 satellites,
735 1720 791 1805 qui
813 1720 952 1782 nondum
977 1720 1201 1783 contumaciam
1225 1742 1292 1782 sen-

234 1806 412 1883 tentiarum,
437 1804 490 1887 sed
511 1804 652 1867 habitum
675 1804 861 1888 vultumque
879 1804 946 1889 ejus
967 1815 1133 1881 sectantur,
1148 1803 1241 1889 rigidi
1260 1818 1294 1866 et

236 1891 346 1968 tristeS,
362 1914 426 1975 quo
440 1889 496 1951 tibi
513 1889 669 1952 lasciviam
684 1888 893 1974 er'rprobrent.>
923 1883 1011 1949 Huic
1026 1887 1080 1949 uni
1099 1887 1295 1951 incolumitas

235 2112 303 2147 uns„
317 2113 341 2147 r.
353 2100 463 2160 templum
472 2100 605 2151 rotundum.
614 2101 678 2145 iutra
687 2101 747 2159 quod
780 2114 832 2145 voce
842 2100 990 2163 sacrificasti,
1002 2106 1029 2145 ut
1040 2100 1127 2145 clarior
1138 2099 1295 2159 liquidiorque

234 2166 332 2225 signum
352 2166 461 2210 muliebre
478 2169 561 2217 stain,⁸
584 2162 648 2209 illine
669 2175 747 2209 mvn.
778 2172 843 2211 esset.
875 2164 949 2209 Isrrs.
984 2162 1067 2209 Paullo
1085 2171 1146 2223 post,
1162 2162 1290 2221 aisne-g.

237 2240 371 2276 rorrsns.
383 2240 446 2274 svo.
460 2227 572 2287 ternplum
588 2227 709 2285 dtrtqlum,
721 2228 747 2273 in
779 2233 902 2274 ostentaret
928 2242 970 2289 pro
995 2226 1129 2283 ostenderet,
1151 2240 1198 2271 noa
1223 2226 1298 2282 male.

235 2308 281 2351 quo
299 2293 384 2337 mulier
403 2292 489 2347 sedens,
509 2291 554 2336 sin.
570 2291 598 2338 C.
619 2290 647 2337 C.
692 2289 749 2337 vid.
778 2290 840 2337 Mox
856 2293 877 2337 si
890 2292 952 2337 idem
966 2292 1036 2336 mniti
1050 2289 1087 2335 Fl.
1106 2288 1184 2336 Guelf.
1202 2288 1237 2335 ed.
1254 2304 1292 2351 pr.

235 2355 326 2403 Eelrhel
342 2354 422 2402 Doctr.
439 2354 499 2401 NN.
510 2362 554 2401 vet.
564 2354 610 2401 vol.
622 2355 645 2400 6.
656 2369 679 2415 p.
692 2354 748 2407 237.
779 2353 833 2401 Pur.
845 2353 901 2401 Ber.
936 2354 1053 2400 IuRhen.
1071 2351 1107 2399 ed.
1123 2361 1293 2414 casanauspo-

236 2418 273 2466 Gf.
284 2427 307 2465 et
318 2419 420 2469 Reimea.
431 2417 461 2463 nd
471 2417 488 2463 l.
499 2432 518 2465 c.
530 2416 620 2464 Dionis.
777 2417 849 2465 situm
859 2419 880 2464 si
890 2418 960 2464 ennii
973 2418 1044 2475 fflem,
1056 2415 1119 2463 unde
1134 2415 1202 2462 fluxit
1217 2416 1242 2461 in
1252 2430 1291 2463 ce·

269 2486 355 2544 Sponte
365 2483 458 2544 absens]
475 2483 531 2528 Non
545 2484 609 2542 justa
620 2479 649 2526 de
660 2495 746 2528 mussa
778 2490 844 2529 teras.
878 2482 950 2529 Eas.
982 2481 1037 2528 Non
1054 2495 1116 2538 casu,
1133 2480 1212 2527 sedes
1225 2480 1283 2527 Bud

254 2547 435 2608 interrogant]
455 2546 492 2592 Sic
503 2545 550 2592 Cic
567 2561 609 2607 pro
623 2544 692 2592 domo
708 2547 748 2592 29.
777 2546 815 2593 De
833 2556 960 2594 memorato
976 2543 1072 2593 sumine
1092 2543 1202 2590 Thraece
1224 2558 1245 2591 v.
1265 2552 1291 2590 et

237 2611 297 2666 Quis
311 2626 348 2657 nte
362 2613 411 2671 lege
430 2611 593 2670 interrogovit.
627 2607 664 2654 Gi.
680 2609 747 2658 etde
779 2609 827 2656 Dio
836 2612 877 2668 62,
889 2611 928 2657 26.
1284 2645 1287 2653 .

234 2675 309 2736 Legg.
320 2675 344 2734 3,
356 2676 381 2721 3.
724 2701 727 2703 ·
809 2673 1012 2735 Nuperrimeque]
1038 2672 1130 2734 Copula
1145 2685 1194 2718 non
1212 2679 1246 2718 est
1263 2671 1290 2717 in

268 2740 394 2800 Principio
407 2740 465 2783 anui
478 2738 554 2784 citare
568 2737 695 2782 Thraseam
710 2750 746 2781 so·
776 2736 839 2783 Bud.

234 2805 300 2850 lenm
311 2802 494 2866 jusjurandum]
514 2800 588 2860 Cujus
606 2799 681 2846 multa
697 2814 747 2845 me·
811 2800 862 2855 Quo
877 2801 920 2846 tibi
934 2799 1067 2862 hennum]
1085 2799 1123 2846 Sic
1136 2815 1149 2844 e
1162 2799 1223 2845 Flos.
1238 2797 1290 2844 edi-

234 2867 308 2914 moria
323 2867 348 2913 in
360 2865 442 2912 Tacito
457 2863 560 2928 aliisque.
595 2862 651 2910 Ideo
667 2861 747 2912 ordine
776 2863 811 2910 dit
826 2862 890 2924 Pich.
901 2863 925 2908 in
936 2877 983 2924 qno
997 2871 1046 2909 erat
1060 2864 1120 2922 quod
1134 2864 1174 2918 iti,
1189 2862 1247 2908 sicot
1261 2861 1289 2908 in

233 2927 585 2990 remexposuiinExcuaua
619 2925 694 2972 L1rs.
776 2927 811 2973 ed.
827 2942 862 2988 pr.
879 2926 962 2988 reperi,
977 2926 1002 2972 in
1015 2925 1079 2972 Bud.
1094 2925 1229 2983 Rhenanus,
1246 2924 1289 2988 qui

267 2987 746 3054 Nuucupationibnsootorumamadesse]
774 2991 824 3050 jam
840 2989 943 3049 conjecit,
960 3003 1005 3050 quo
1021 2990 1072 3047 tili,
1089 2987 1211 3050 legendum
1232 3003 1288 3034 esse.

235 3057 275 3105 Dc
290 3059 375 3121 quibus
388 3059 412 3116 4,
432 3057 469 3104 17.
487 3057 540 3116 (13,
558 3055 611 3114 il.)
622 3054 747 3114 Pontifices
777 3052 853 3100 Ceteri
863 3068 905 3100 scr.
917 3061 940 3099 et
950 3051 1001 3099 edd.
1012 3053 1053 3112 qui
1061 3053 1121 3107 tiii‚·
1137 3052 1161 3097 in
1173 3065 1219 3112 quo
1229 3059 1289 3110 puto

234 3136 358 3182 emissaque
386 3120 489 3180 eucarpio
517 3119 587 3164 ceteri
612 3117 746 3164 Sacerdotes
776 3132 826 3163 esse
836 3118 876 3176 qui
887 3130 929 3178 pro
940 3130 991 3176 quo.
1001 3124 1029 3162 ut
1039 3113 1101 3161 alibi.
1129 3115 1201 3160 Ean.
1222 3113 1304 3169 Burl.¹

234 3201 289 3232 eune
303 3200 350 3247 pro
368 3183 526 3231 incolumitate
549 3180 668 3241 Principis
694 3187 747 3228 nota
775 3180 846 3226 habet
861 3181 922 3240 quod
940 3180 989 3236 tibi,
1005 3177 1067 3235 unde
1082 3193 1096 3224 e
1110 3176 1187 3224 Rhea.
1207 3190 1288 3222 emea-

232 3252 381 3310 susciperent.
414 3249 507 3295 Sueten.
520 3244 655 3291 Neron-cili.
681 3245 747 3290 Voto-
777 3243 847 3291 datio.

235 3329 291 3360 rum
306 3313 484 3373 nuncupatione,
501 3322 588 3368 magno
604 3311 659 3369 jam
681 3309 745 3354 ordi·
817 3309 970 3355 Incolrnnitas
988 3313 1030 3354 tua
1051 3307 1100 3351 sine
1118 3307 1181 3368 arte]
1198 3303 1286 3363 Sentio,

234 3393 292 3425 num
302 3377 448 3439 frequentia,
467 3375 509 3419 nin
525 3380 621 3432 reperta
634 3373 746 3430 Capitolii
774 3373 853 3421 abesse
874 3386 961 3430 rocon,
981 3383 1052 3432 quam
1075 3368 1159 3415 volenti
1179 3365 1288 3416 Cornelio
1313 3391 1316 3394 -

235 3444 317 3488 choas.
363 3439 435 3486 Plura
455 3436 510 3483 huic
529 3435 562 3482 rei
578 3443 601 3482 et
617 3443 746 3496 opportuna
775 3435 853 3489 reddo,
866 3436 1014 3483 incolumitas
1025 3433 1127 3481 turine
1141 3446 1207 3487 cura,
1223 3437 1288 3478 artes

234 3505 369 3552 inExcurs.
380 3503 412 3550 B.
444 3500 520 3548 hirs.
775 3500 825 3544 sine
835 3499 926 3546 honore.
962 3497 1031 3544 Prius
1041 3497 1172 3543 membrum
1185 3493 1287 3541 adnun-

267 3571 319 3616 Aut
330 3569 413 3614 celesti
428 3580 479 3612 noce
496 3561 662 3622 imnwirnisse]
679 3557 744 3609 Indi·
776 3561 921 3622 cupstionem
939 3561 1047 3608 omissam
1067 3566 1172 3606 votorum
1190 3564 1285 3618 spectat,

232 3647 299 3696 gnon,
313 3647 367 3679 cum
383 3631 443 3693 lego,
458 3629 506 3675 imo
523 3641 571 3674 non
585 3626 702 3687 inducor,
719 3633 746 3672 ut
775 3639 828 3686 quae
847 3639 889 3686 pro
907 3623 1064 3673 incolumitate
1081 3619 1213 3682 Principis3
1229 3620 1286 3666 alte

235 3711 305 3749 nunc¹
316 3703 370 3742 aetas
383 3709 435 3740 mea
450 3700 485 3738 est
500 3699 523 3738 et
537 3689 619 3750 peritia
635 3688 745 3735 ludibrio·
774 3701 827 3733 rum
839 3686 869 3733 ad
884 3687 917 3745 id,
934 3687 997 3750 quod
1013 3698 1142 3746 numquam
1158 3683 1287 3730 immolarit

235 3773 289 3811 rum
302 3758 327 3815 in
337 3773 362 3804 re
372 3756 483 3803 humans.
515 3754 554 3800 En
569 3761 695 3811 summates
710 3751 746 3798 illi
774 3764 817 3810 pro
827 3750 980 3798 cdesnvoce
1008 3749 1084 3796 Iura.
1110 3746 1286 3794 VideturFIor.

235 3824 286 3878 viri,
302 3835 393 3884 genere,
412 3818 530 3880 dignitate,
550 3814 669 3876 sapientia,
688 3814 746 3861 titu-
775 3811 910 3874 ngnifioere,
926 3816 994 3860 Huic
1010 3812 1284 3867 nortmannicarum,

236 3889 286 3936 lum
304 3882 405 3932 criminis
423 3880 545 3940 rodmunt,
566 3892 635 3941 quem
659 3877 745 3939 pudeat
774 3883 821 3923 taoe
831 3884 901 3935 artes,
916 3879 966 3923 sine
976 3878 1068 3923 tenue.
1096 3875 1187 3920 Gnou.
1219 3872 1285 3920 Nam

236 3961 382 4000 memorasse.
425 3942 471 3992 Sed
490 3941 569 3989 eadem
592 3941 745 3988 Philostratus
772 3939 864 3986 isliber
879 3939 949 3986 habet
964 3947 1046 3993 ertess
1066 3937 1134 3985 ceteri
1153 3935 1283 3997 vulgatum.

236 4020 260 4072 5,
280 4003 307 4067 7.
336 4009 502 4066 decusationes
519 4010 574 4065 quot
585 4011 608 4050 et
625 4010 745 4064 quantine
774 3999 1194 4063 Lipsiensrstiomihimagisplscct.
1209 3997 1285 4046 Eunt·

236 4073 408 4130 thearisoriri
424 4083 508 4126 censes,
519 4083 572 4114 cum
586 4067 746 4112 aeternna
775 4063 850 4126 Lipsii
878 4065 1006 4112 emendatio
1035 4065 1143 4126 probanti
1170 4059 1284 4116 Brenno,

236 4135 407 4198 redarguunt?
452 4134 511 4180 Non
532 4132 616 4176 verrini
636 4129 744 4188 auditum
773 4127 840 4174 urias
854 4142 919 4190 seque
936 4143 964 4175 ac
985 4124 1095 4174 Gronovii
1113 4122 1283 4178 hallemsndoe
1305 4163 1310 4172 .

237 4192 747 4258 Neronemsuutvenistiquidenr,sedneg.·
773 4191 922 4252 posteriorem
946 4204 1048 4254 recepere
1074 4186 1129 4251 Bip.
1159 4200 1216 4249 quos
1247 4190 1286 4232 se.'

236 4271 337 4329 ligentur
353 4269 376 4310 et
394 4257 654 4319 memorantium·
672 4257 746 4301 risisti
775 4269 840 4316 quor.
866 4304 870 4310 ,

233 4335 313 4396 piane,
336 4341 381 4374 non
396 4323 525 4389 plausisti.-
548 4334 589 4366 nec
605 4333 652 4380 pro
674 4319 747 4379 ipsius
