3042 4950
231 233 290 293 ese
584 253 585 256 ¹
646 228 879 291 Annrmun
1126 230 1297 305 [nnsis.

229 392 435 481 pientiotibus
452 390 658 457 deliberatum
672 399 744 459 est?
768 395 830 460 Sed
850 408 892 473 et,
908 394 934 458 si
948 412 1032 457 nunc
1045 392 1182 478 primum
1196 402 1296 457 stutu-

229 476 354 543 endum‘
370 476 576 552 haberemus3
600 479 775 558 creditisne,
803 502 926 545 servum
951 477 1153 541 interficiendi
1174 475 1294 541 domini

230 562 370 626 animum
391 562 566 649 sumpsisse,
587 578 705 628 utnon
728 588 791 627 vox
813 565 919 627 minax
940 562 1116 627 excideret?
1139 562 1216 625 nihil
1236 574 1295 647 per

230 646 434 713 temeritatem
452 646 713 733 proloquerettn?
750 649 833 712 Sene
850 646 1011 712 consilium
1029 647 1174 724 occuluit,
1194 646 1293 711 telum

229 731 311 801 inter
329 731 453 818 ignaros
472 732 613 818 pamvitt
636 754 713 796 num
731 732 878 797 excubias
896 732 1050 810 transiret,
1063 731 1196 797 cubiculi
1210 733 1293 795 fores

229 816 413 895 recluderet,
427 816 534 881 lumen
546 816 685 896 inferret,
699 817 817 881 melem
837 830 986 905 patraret,
1000 817 1144 881 omnibus
1157 815 1290 881 nesciis?

231 901 341 968 Multa
354 900 475 965 sceleris
487 900 601 964 indicia
620 902 825 988 praeveniunt.
871 902 958 969 Servi
976 903 1010 967 si
1022 902 1165 989 prodent,
1184 922 1293 987 possu-

230 1012 303 1053 mus
313 986 427 1072 singuli
436 985 518 1049 inter
549 986 640 1061 iures,
652 987 713 1051 tuti
722 988 804 1054 inter
814 988 933 1067 unxioS,
944 1001 1109 1075 postremo,
1123 987 1148 1049 si
1162 1003 1294 1071 pereun-

232 1073 310 1137 dum
325 1071 375 1147 sit,
390 1093 452 1134 non
465 1069 498 1133 in
533 1070 652 1135 tiinter
665 1084 809 1137 nocentes
822 1096 923 1160 egere.
959 1076 1108 1160 Suspecta
1121 1070 1294 1157 majoribus

231 1155 344 1223 nostris
356 1156 446 1220 fuere
458 1155 582 1242 ingenis
600 1178 771 1236 servorum,
784 1156 877 1224 etiam
890 1180 963 1223 cum
981 1158 1013 1221 in
1026 1158 1110 1244 egris
1123 1170 1180 1221 aut
1193 1153 1292 1251 domi-

228 1364 338 1425 prtmum
356 1368 386 1409 st.
405 1361 558 1409 huieremuu
578 1360 650 1411 Eun.
682 1361 745 1411 Bud.
778 1362 834 1413 stibi
844 1370 921 1412 nostm
931 1371 1078 1427 preventum
1086 1364 1202 1426 gentium,
1213 1361 1291 1419 idest,

232 1427 281 1475 Set
290 1429 319 1473 ri.
777 1436 919 1492 occupatam.
953 1430 1012 1477 Hoec
1025 1427 1060 1475 illi
1070 1431 1092 1475 ti
1105 1428 1215 1488 produnt,
1226 1434 1291 1473 extre

264 1490 382 1539 Animum
390 1488 551 1553 insumpsisse]
562 1488 601 1539 Sic
609 1490 683 1540 MSS.
692 1491 745 1539 edd.
777 1492 906 1553 perieulum
916 1508 1013 1549 sumunt
1025 1490 1198 1541 sidissimulent
1206 1497 1229 1537 et
1239 1503 1292 1537 suo·

248 1570 267 1602 r.
283 1554 376 1601 Puteol.
393 1554 446 1601 Ber.
456 1554 511 1602 Alc.
525 1554 566 1603 ted
578 1556 706 1605 Rhenanus
722 1561 746 1608 (c
778 1556 909 1606 cumbimus
926 1556 1010 1611 sceleri,
1023 1564 1131 1603 monente
1145 1553 1191 1601 SC.
1207 1552 1291 1601 Sileni·

273 1618 309 1680 d)
326 1618 424 1666 conexit
440 1620 556 1667 sumsisse.
588 1620 664 1667 Vetus
679 1620 745 1667 resti-
778 1634 831 1679 eno,
843 1634 889 1667 uon
900 1622 972 1669 iurati
981 1620 1113 1683 peribimus.
1143 1618 1233 1665 (inore.
1255 1615 1293 1663 At

231 1683 278 1731 tuit
291 1681 416 1745 ,Ryekitm
440 1693 549 1746 sequente
572 1684 598 1731 J.
621 1684 744 1732 Gronovio.
760 1718 762 1722 -
778 1682 827 1731 hec
840 1688 887 1733 non
901 1695 934 1733 est
948 1694 1013 1733 vetus
1026 1682 1189 1747 interpunctio,
1200 1680 1240 1729 sed
1256 1695 1293 1739 es,

230 1745 285 1859 go
298 1761 392 1811 quoque
405 1754 505 1795 vetem
518 1747 639 1796 lectionem
652 1747 745 1803 minui,
778 1762 849 1811 quem
865 1762 907 1797 noe
921 1748 1086 1803 exhibuissem
1103 1762 1157 1811 quc
1171 1754 1204 1795 eet
1218 1745 1243 1791 in
1254 1743 1291 1791 ed.

297 1825 383 1866 vereor,
409 1824 439 1858 ne
465 1813 574 1859 meurisse
598 1812 683 1859 melius
709 1812 746 1861 sit.
777 1810 1031 1873 pr.Puteol.Beroeld.
1044 1812 1157 1859 Alc.·1u
1173 1809 1209 1857 ed.
1224 1808 1291 1855 Rhe-

231 1874 338 1937 Rycltius
358 1874 389 1921 ed
407 1873 507 1923 surium
528 1875 605 1923 Theb.
627 1877 666 1935 12,
688 1877 744 1925 ote
777 1874 833 1922 neni
843 1884 932 1925 mutetn
942 1885 984 1935 est,
995 1876 1036 1923 sed
1046 1877 1120 1929 tacite,
1131 1884 1154 1923 et
1164 1873 1251 1931 vitiose,
1262 1879 1292 1917 ut

230 1939 746 2002 pmvoutzttguutmmtumumptt.
776 1939 927 1989 menifestum
935 1949 974 1989 est.
992 1934 1292 2000 Sioenimhabet(eBud.)

230 2004 280 2050 due.
311 2001 357 2051 Sed
367 2002 401 2049 ibi
411 2005 520 2065 equibus
529 2003 601 2051 videri
610 2012 687 2066 potest
697 2019 746 2053 esse
772 2007 924 2065 preveniunt
939 2007 1011 2064 runt,
1028 2004 1172 2067 riprodnnt.
1202 2002 1292 2049 Postu·

230 2064 332 2115 dativus·
357 2066 433 2115 Aliud
449 2075 527 2115 sutem
543 2077 577 2117 eet
591 2075 691 2115 mutem
707 2070 745 2115 in-
777 2083 849 2115 mur:
870 2076 893 2116 et
903 2077 980 2117 tamen
994 2070 1040 2116 hoc
1050 2066 1121 2115 secuti
1130 2065 1217 2124 Aldus,
1229 2064 1292 2126 Gry-

231 2144 322 2179 sumere
336 2132 418 2186 duni,
434 2130 499 2179 eliud
513 2138 614 2179 mentem
628 2134 745 2180 insumere
777 2130 846 2195 phius
865 2141 907 2181 ete.
934 2132 993 2180 Inde
1011 2132 1099 2180 fectum
1118 2130 1208 2189 deinde,
1223 2143 1301 2190 peu-1

231 2194 373 2259 simpliciter·
406 2195 537 2245 liht'orms
550 2196 687 2259 sepeepud
701 2212 744 2245 no-
778 2198 875 2244 nminat
892 2200 970 2247 tersi.-
993 2197 1141 2259 siprodunt,
1158 2206 1292 2256 menemus.

230 2266 306 2306 strum
321 2266 349 2308 ut
363 2261 386 2316 3,
400 2264 441 2307 tt.
457 2259 495 2319 16,
509 2261 548 2307 te
565 2260 637 2321 hujus
652 2260 745 2310 nullum
778 2258 812 2307 Et
831 2260 881 2309 hec
901 2270 936 2310 est
955 2269 1020 2310 euos
1037 2260 1110 2308 Gron.
1128 2256 1290 2320 interpunctio.

229 2322 365 2386 exemplum
378 2323 446 2384 milti,
462 2324 526 2386 quod
541 2324 621 2386 suam,
636 2324 692 2372 elibi
707 2340 746 2373 oe-
778 2324 864 2373 Sensus
882 2336 916 2373 est
937 2324 1021 2389 plurim
1039 2324 1064 2371 in
1080 2332 1156 2371 vetere
1170 2321 1293 2381 interpun-

229 2387 308 2434 currit.
342 2388 372 2435 Iu
382 2387 439 2437 MS.
449 2387 529 2436 (iucif.
540 2389 631 2453 ryllebe
640 2391 666 2436 in
677 2397 711 2437 αι
720 2388 746 2437 in
778 2388 861 2446 ctione,
878 2405 958 2465 quem⁴
968 2403 1010 2437 nos
1030 2386 1187 2435 restituimus.-
1213 2382 1293 2430 Multa

228 2450 306 2513 limen,
321 2452 443 2517 potuitque
457 2452 528 2512 nesci,
540 2461 567 2502 ut
580 2452 667 2509 elibie
681 2452 747 2502 flnsli
777 2452 965 2503 sceluisrndiein
981 2469 1005 2503 se
1021 2459 1129 2502 mserum
1144 2456 1292 2524 antequem

229 2515 297 2564 litere
311 2517 458 2580 precedentis
471 2518 542 2566 verbi.
573 2517 646 2566 nnn.
678 2518 745 2567 Bene
776 2517 865 2567 facinus
880 2527 991 2582 patretur,
1003 2533 1045 2574 nec
1060 2517 1093 2564 ite
1108 2513 1292 2564 tuleconnlium

229 2578 286 2648 Bip.
296 2589 424 2644 sequuntur
434 2578 577 2629 Budensem.
776 2583 851 2644 premi
865 2591 949 2646 potest,
961 2583 1018 2646 quin
1032 2581 1116 2629 indicis
1125 2577 1242 2644 quedem,
1253 2575 1291 2624 vel

263 2645 387 2709 Oemluit]
397 2645 462 2710 ¹Flor.
475 2647 606 2693 oewhovit.
776 2661 817 2708 per
838 2645 1026 2710 imprudentiam,
1048 2651 1180 2706 erumpent.
1213 2642 1251 2689 Es
1271 2640 1292 2688 si

261 2710 333 2773 Num
348 2710 456 2756 exsufflat
468 2711 592 2774 transiret]
610 2710 744 2760 Noetumes
776 2708 834 2758 servi
844 2711 1001 2760 animadversa
1010 2708 1119 2774 produnt,
1127 2705 1186 2754 nihil
1196 2721 1211 2754 e
1221 2705 1292 2754 servis

228 2789 284 2835 ergo
302 2772 333 2820 ed
350 2773 422 2821 limen
441 2774 550 2821 exorbites
567 2789 684 2822 servorum
701 2775 744 2823 he-
776 2773 905 2822 timendum
916 2783 957 2822 est.
991 2776 1063 2823 Enn-
1131 2805 1133 2810 ·

227 2836 328 2885 buerunt
346 2837 434 2884 domini
451 2837 595 2902 potentiores.
628 2838 700 2898 Quod
717 2848 744 2888 tu
809 2839 939 2886 Possumus
952 2840 1115 2900 singuliluter
1125 2833 1289 2899 pL-unuior]

227 2901 295 2956 mihi,
305 2900 430 2964 philologe‚
442 2903 544 2949 observo.
568 2900 682 2961 Quinctil.
694 2901 743 2952 De-
776 2902 835 2950 Huc
844 2911 905 2963 sunt,
914 2912 941 2951 ut
949 2903 1008 2950 mihi
1015 2900 1207 2960 videtur,vitiose.
1224 2900 1290 2946 Nam

227 2965 296 3013 elsim
310 2965 332 3013 1.
345 2980 388 3044 pro
398 2965 481 3013 Gneo:
500 2966 601 3014 Dicitur
610 2981 683 3013 ooecus
694 2969 745 3015 eine
775 2966 825 3014 hec
845 2967 986 3028 conjunctim
1004 2964 1068 3014 houd
1089 2965 1159 3013 dubie
1179 2963 1290 3028 cupienda

227 3038 325 3089 rectore,
336 3045 387 3077 stne
397 3031 495 3078 duce...
499 3045 545 3092 per
557 3032 626 3077 istunc
637 3032 743 3092 longum,
775 3039 838 3092 sunt,
844 3046 968 3092 purumne
975 3031 1067 3092 eingteti
1074 3031 1224 3092 interplurer
1232 3030 1289 3086 tuti,

222 3109 271 3157 per
286 3100 321 3142 tot
335 3096 421 3154 offensu
437 3096 529 3154 omna,
543 3109 591 3155 per
607 3096 744 3144 wenlanus
776 3106 803 3142 ut
814 3093 948 3151 niomium
957 3102 1062 3144 nocentes
1072 3109 1118 3142 nou
1128 3095 1207 3142 inulti.
1223 3091 1290 3151 Quid

226 3159 331 3216 servulos
343 3173 433 3207 errasse
442 3173 496 3206 cum
505 3160 595 3222 ferree
611 3159 744 3208 cubiculum
774 3159 824 3220 jum
841 3159 998 3224 lietreliquis,
1015 3159 1197 3209 interemtos?
1227 3155 1290 3206 Scire

183 3220 190 3225 ”
227 3218 310 3271 ddum
315 3224 397 3286 patrie
408 3225 535 3284 ingrersus.
558 3223 626 3270 Idem
637 3220 744 3272 Deciani.
776 3223 855 3282 velini,
867 3224 929 3272 unde
938 3225 982 3272 ists
992 3223 1058 3271 sint?
1077 3224 1106 3271 In
1113 3239 1153 3286 pr.
1163 3223 1198 3270 ed.
1207 3221 1290 3268 uncus

227 3287 251 3352 2,
272 3289 310 3335 16.
328 3301 371 3350 pro
389 3287 470 3335 Caeooe
495 3289 533 3334 Tu
552 3288 632 3346 semu,
651 3290 745 3348 quondo
776 3300 823 3342 non
834 3296 875 3336 est.
904 3285 1240 3351 Quidinlibtisnliisseriptis
1251 3285 1289 3346 sit,

227 3351 514 3405 eeuemoieeritlurritudo
521 3355 744 3400 cumrum....Seis
775 3364 823 3398 non
845 3367 856 3398 r
886 3353 931 3399 erio
952 3360 1066 3402 notatum.
1099 3351 1178 3398 Guelf.
1195 3349 1291 3414 quidem

221 3417 326 3478 puriter,
336 3429 369 3461 ou
379 3430 428 3461 uua
438 3417 606 3476 quiescentium
614 3416 684 3478 soree
694 3417 744 3462 ool·
776 3419 858 3463 curios
899 3417 946 3471 bet,
956 3415 1020 3479 quod
1030 3430 1045 3463 e
1055 3415 1184 3463 Puteolano
1192 3414 1289 3474 editum,

226 3481 314 3527 buerit
324 3493 383 3526 euro
393 3493 522 3526 servorum
556 3478 670 3542 Apuleius
682 3479 742 3527 Met.
775 3493 855 3538 omnes
865 3481 936 3528 secuti
947 3487 1008 3527 sunt.
1021 3531 1023 3534 ,
1040 3478 1138 3539 Vereor,
1145 3493 1179 3528 ne
1192 3479 1225 3528 ite
1235 3493 1290 3542 sup.

225 3543 354 3610 &Pueros
360 3544 451 3603 adleget
459 3545 558 3591 arbitrio
565 3545 675 3590 nocturni
680 3558 742 3606 gan·
774 3544 837 3654 plere
848 3544 955 3592 maluerit
969 3543 1061 3608 uliquis,
1073 3558 1144 3607 quam
1158 3545 1220 3594 tuter
1227 3541 1290 3593 illud

224 3608 307 3654 nitere
322 3607 364 3670 qui
373 3607 461 3669 uuoqm
471 3606 501 3655 de
510 3622 574 3656 more
585 3609 743 3670 procubebent
791 3609 855 3665 elere,
866 3608 931 3672 quod
940 3609 1054 3667 librarius,
1069 3622 1111 3671 per
1121 3621 1219 3654 errorem
1234 3605 1290 3652 scri-

225 3671 297 3719 Silius
306 3666 483 3731 l‚66.edhunc
491 3672 562 3719 ritum
570 3671 599 3718 de
606 3671 739 3720 Annibalee
773 3681 849 3736 ptum,
865 3673 939 3720 delere
956 3672 1067 3730 noluerat,
1081 3680 1108 3718 ut
1123 3685 1184 3734 supe
1199 3669 1288 3720 lactum

224 3738 293 3797 δεμ
308 3737 381 3800 etium
389 3735 482 3798 famuli
497 3737 593 3783 turbato
607 3737 639 3782 od
657 3737 741 3783 limina
773 3737 864 3785 sdmus.
892 3737 918 3784 si
939 3735 1015 3785 delens
1036 3749 1090 3783 cum
1111 3737 1202 3794 auxios,
1228 3733 1289 3782 belle

222 3815 303 3848 somno
311 3801 436 3861 Expavere
442 3805 533 3848 trucem
540 3815 587 3862 per
595 3806 661 3848 vasu
671 3802 741 3848 siun-
773 3800 875 3862 procedit
884 3800 965 3850 orstio.
997 3799 1051 3850 Nisi
1065 3798 1118 3863 quis
1128 3799 1204 3858 malit,
1214 3798 1289 3846 elium

223 3861 260 3913 tiu
276 3879 362 3912 vocem.
393 3863 456 3914 Vide
468 3872 493 3912 et
503 3863 643 3927 Appianum
654 3863 740 3920 Cim,
772 3864 942 3914 nominativum
960 3872 1013 3912 ente
1026 3863 1072 3912 ists
1084 3865 1154 3912 verbe
1168 3862 1287 3924 excidim,

223 3931 264 3992 99.
285 3929 311 3976 in
328 3928 424 3977 Oetouis
442 3936 524 3985 morte,
541 3936 564 3977 et
583 3927 693 3977 Tacitttm
715 3928 740 3976 in
772 3928 828 4040 puis
846 3928 955 3993 sequitur.
967 3935 1105 3991 postremo,¹
1124 3927 1187 3990 quod
1205 3930 1287 3976 saltem

223 3993 324 4042 Othonis
335 3993 370 4040 Η.
383 3997 407 4048 2,
419 3994 459 4040 to.
491 3993 568 4041 ere.
595 4054 597 4056 η
789 4007 819 4040 uo
829 3994 933 4040 membra
946 3991 1096 4056 precedentis
1106 3991 1197 4053 exigue
1206 3991 1287 4040 viden·¹

255 4059 341 4108 Metu
364 4059 457 4105 sceleris
477 4058 566 4104 indicio
589 4059 741 4119 preveniunt
772 4056 974 4104 tunrlnrecuri?
988 4055 1287 4118 smuumepcieMur.

222 4125 286 4170 mot
297 4124 332 4187 ri]
345 4122 447 4170 Refineo
460 4116 560 4170 veterem
575 4121 740 4184 interpunctio·
772 4123 811 4172 23.
822 4121 920 4180 &nique
928 4129 969 4174 est,
982 4119 1122 4182 precedente
1133 4133 1180 4167 uno
1194 4128 1288 4171 tuntum

221 4199 292 4234 nenne
310 4195 334 4234 et
339 4189 491 4249 preveniunt
501 4199 548 4232 non
559 4185 652 4249 εεείρίο,
664 4186 739 4245 nteit,
772 4186 883 4234 mernbm.
896 4185 969 4232 Eun.
986 4184 1041 4232 Non
1048 4182 1124 4241 video,
1133 4183 1190 4246 quid
1198 4184 1241 4236 sibi
1248 4185 1288 4234 hie

222 4250 364 4312 procedunt,
373 4259 427 4298 unte
437 4250 511 4299 scelus
519 4248 639 4305 existuntt
652 4249 701 4309 sed,
713 4259 740 4297 ut
771 4249 827 4304 velit
834 4249 891 4298 Em.
902 4247 959 4296 Tn'a
967 4247 1116 4296 membrehic
1122 4247 1214 4302 adsunt,
1223 4265 1287 4312 egre-

222 4313 261 4374 sit,
270 4324 390 4377 occupent,
402 4314 547 4378 precipiunt,
556 4313 739 4376 deprehendunt,
771 4313 935 4375 gicdisjunctu.
948 4313 1107 4376 Opponuntur
1115 4313 1288 4376 eirtgultplun'·

221 4386 348 4448 antequem
364 4379 437 4449 ecelin
450 4388 560 4448 eventum
574 4377 673 4444 iubent.⁴
701 4376 740 4426 stc
776 4379 826 4440 bue,
838 4381 885 4428 tuti
896 4379 984 4435 amite,
994 4391 1040 4430 uon
1051 4377 1122 4426 inulti
1134 4378 1272 4429 ementitus.
