3042 4950
577 239 657 298 ma.
677 238 762 297 xrv.
785 238 876 298 aar.
894 242 941 297 23.
1241 238 1298 298 arr
1344 224 1346 231 ’

237 258 265 297 a.
279 260 305 297 c.
325 241 392 321 bb]

237 402 336 488 quieti
351 402 448 481 urbis,
463 424 559 488 seque
570 423 667 489 prave
680 400 914 468 diffamantibus
932 401 1128 465 subtraheret
1137 407 1153 465 ε’
1169 408 1234 475 esse
1254 399 1300 465 illi

239 511 296 573 per
310 488 419 551 Asiam
434 487 534 551 avitos
546 510 647 573 agros,
662 486 695 551 in
715 488 830 574 quibus
850 497 920 549 tuta
941 498 973 549 et
990 486 1152 557 inturbida
1168 486 1301 571 juventa

240 574 424 637 frueretur.''
468 574 519 636 Ita
532 572 608 637 illuc
622 596 696 637 cum
709 574 844 658 conjuge
858 571 998 635 Antistia
1011 583 1043 634 et
1056 570 1301 656 paucisfamilia·

239 657 322 721 rium
336 658 492 721 concessit.
538 657 656 722 Iisdem
668 658 780 723 diebus
794 655 890 721 nimia
903 655 997 719 luxus
1011 654 1127 741 cupido
1139 655 1300 720 infamiam

239 754 272 805 et
288 743 463 827 periculum
485 743 607 807 Neroni
629 743 712 823 tulit,
737 742 812 829 quia
835 742 953 807 fontem
977 764 1069 826 aquae
1094 740 1235 819 Marciae,
1258 742 1300 805 ad
1345 814 1348 831 ι

239 827 349 891 urbem
363 827 518 907 deductae,
533 828 637 893 nando
646 831 827 894 incesserat:
844 826 1072 912 videbaturque
1081 839 1175 912 potus
1185 848 1297 904 sacros,

240 926 273 978 et
284 913 492 979 caerimoniam
502 914 562 979 loci
571 937 700 1001 corpore
709 914 774 979 loto
782 911 937 1000 polluisse,
949 925 1116 997 secutaque
1123 922 1237 997 anceps
1246 934 1300 975 va-

240 993 349 1063 letudo
359 999 439 1069 iram
454 1002 560 1065 Deum
574 999 759 1065 adfirmavit.
995 1044 1000 1054 ·

286 1084 431 1149 XXIII.
453 1087 502 1149 At
516 1085 666 1163 Corbulo,
688 1098 759 1170 post
777 1084 878 1149 deleta
892 1083 1059 1162 Artaxata,
1080 1082 1232 1149 utendum
1252 1106 1301 1149 re·

241 1169 323 1233 oenti
337 1185 453 1233 terrore
465 1183 552 1233 ratus
565 1169 613 1232 ad.
620 1170 804 1256 occupanda
812 1169 1042 1255 Tigranocerta,
1054 1168 1171 1254 quibus
1179 1169 1299 1248 excisis,
1365 1234 1370 1240 ,

160 1324 165 1331 ‚
240 1266 359 1317 metum
372 1253 508 1317 hostiurn
521 1253 705 1332 intenderet,
725 1254 787 1333 vel,
807 1254 831 1318 si
850 1253 1045 1340 pepercisset,
1064 1253 1234 1317 clementiae
1253 1255 1300 1319 fa·
1346 1314 1348 1321 .

239 1360 322 1401 marn
347 1338 590 1435 adipisceretur3
619 1339 695 1404 illuc
719 1339 833 1426 pergit,
858 1362 921 1403 non
946 1338 1066 1402 infenso
1091 1337 1239 1413 exercitu,
1262 1362 1302 1437 ne
1345 1404 1350 1412 ,

239 1445 325 1509 spem
339 1446 437 1488 venne
451 1424 597 1502 auferret,
612 1448 714 1511 neque
729 1440 831 1490 tamen
846 1424 972 1489 remissa
985 1445 1070 1501 cura,
1086 1444 1212 1508 gnarus,
1228 1423 1302 1487 lacs-

239 1507 301 1571 lem
322 1520 447 1573 mutatu
487 1524 601 1587 eutem,
623 1524 660 1577 ut
676 1520 808 1598 'segnem
829 1510 870 1575 ad
890 1507 1040 1596 pericula,
1060 1508 1105 1573 ita
1122 1507 1249 1572 infidam
1264 1508 1306 1573 ad
1345 1588 1347 1593 Ι

240 1593 421 1659 occasiones.
530 1595 609 1673 bari,
622 1618 682 1683 pro
694 1596 821 1683 iugenio
836 1594 979 1682 quisque,
998 1592 1049 1657 alii
1064 1616 1170 1679 preces
1184 1594 1306 1672 offerre,

242 1679 370 1765 quidam
384 1680 523 1745 deserere
540 1680 633 1759 meos,
656 1682 740 1746 etin
762 1681 832 1745 avia
853 1678 995 1766 digredi:
1019 1701 1055 1741 ao
1076 1678 1174 1751 fuere,
1197 1679 1303 1764 quise
1341 1758 1347 1766 a

242 1788 257 1827 s
296 1764 405 1842 luncis,
420 1780 452 1829 et
463 1764 619 1829 carissima
629 1789 745 1844 soenm,
756 1765 915 1830 abderent..
938 1764 1040 1851 Igitur
1050 1766 1130 1829 Dux
1140 1764 1304 1830 Romaum
1345 1834 1347 1839 ,
1398 1806 1401 1813 .

241 1787 371 1913 <diensis
382 1852 511 1927 artibus,
527 1843 736 1916 misericordia
744 1851 894 1918 adversus
903 1848 1068 1937 supplices,
1082 1848 1236 1914 eeleritate
1250 1849 1305 1914 ad-

241 1956 350 1997 versus
369 1935 530 2022 profugos,
552 1935 670 2001 inmitis
689 1936 737 2014 iis,
759 1935 816 2022 qui
837 1936 970 2000 latebras
990 1932 1175 2013 insederant,
1198 1958 1253 1999 ora
1274 1947 1306 2001 et

242 2018 345 2083 exitus
358 2042 519 2115 specuum,
534 2022 695 2086 sarmentis
711 2020 916 2107 virgultisque
924 2018 1102 2106 completos,
1114 2018 1179 2105 igni
1190 2021 1303 2093 exurit.

229 2104 354 2189 ‚Atque
371 2104 472 2184 illum,
495 2106 572 2170 fines
590 2129 662 2171 suos
680 2106 949 2193 praegredientem,
972 2104 1165 2201 incursavere
1185 2106 1304 2186 Mardi,

242 2288 276 2338 tio
286 2291 412 2352 necessario
422 2291 526 2356 requirit,
544 2301 579 2354 ut,
591 2294 611 2342 si
621 2294 682 2343 absit
690 2295 759 2357 illud,
788 2308 926 2343 carceream.
942 2293 995 2341 Imo
1006 2291 1031 2341 in
1041 2291 1181 2357 quibusdam
1191 2293 1307 2359 equinus·

243 2369 326 2403 mance
335 2356 373 2404 rel
383 2357 465 2405 vitiosa
474 2356 647 2421 debeetputeri.
680 2360 761 2409 Posset
777 2360 865 2422 ,vigere
876 2360 945 2408 etium
957 2359 1063 2407 vetitum.
1080 2358 1160 2423 1b.ep.
1170 2359 1305 2409 andelao

243 2417 268 2465 id
287 2427 363 2467 tenere
380 2420 467 2481 locum,
485 2421 505 2468 si
523 2430 652 2471 mactarent
673 2434 761 2474 catere.
778 2424 943 2472 'Vadimonirz
962 2424 1041 2471 Nullo
1056 2425 1083 2469 in
1093 2424 1135 2470 boe
1145 2425 1212 2471 novis
1224 2425 1306 2484 (sacer

244 2485 294 2531 Stet
309 2491 332 2531 et
346 2487 472 2547 turbir(ut
487 2485 512 2532 iu
526 2486 602 2548 Bud.)
614 2488 705 2536 tolerari
720 2503 760 2538 ne·
780 2489 852 2536 'enim
863 2497 913 2552 ert)
925 2490 964 2537 red
975 2491 1084 2536 tnuotont
1094 2489 1186 2546 tnruloe,
1196 2499 1239 2537 etc.
1264 2491 1306 2538 Se-

242 2547 309 2610 quit:
327 2556 350 2595 et
359 2549 466 2612 arguitur
480 2550 511 2596 ab
526 2551 623 2613 entique
638 2565 719 2610 manu,
731 2569 761 2600 ex
789 2567 844 2602 nece
857 2553 924 2616 epist.
938 2553 978 2602 41.
990 2553 1019 2600 de
1029 2551 1065 2599 his
1071 2551 1224 2600 ceremoniis:
1246 2555 1307 2601 Me-

243 2627 290 2676 qua
300 2622 411 2668 conectet
426 2612 538 2660 indoctior
548 2613 669 2663 fabricavit
679 2616 762 2678 vulga·
777 2618 1030 2678 'gnorum'jtumtnum
1047 2617 1124 2676 cupito
1147 2631 1305 2676 veneramen
1338 2647 1340 2650 -

243 2685 304 2736 nnn,
315 2691 369 2723 curn
380 2675 510 2724 ledendum
526 2676 628 2739 haberet,
644 2679 708 2742 quod
719 2680 760 2727 Pi·
776 2682 865 2728 'subita
885 2696 914 2728 en
935 2681 1012 2728 abdite
1033 2682 1094 2727 vorti
1115 2683 1193 2728 amatr
1214 2685 1307 2744 eruptio

243 2739 323 2788 dieue.
364 2740 430 2789 I'um
454 2743 581 2789 eonmleret
603 2745 666 2800 arbi,
688 2759 760 2807 quarn
788 2746 1306 2806 arorhebetrrotorttnroquarmncalerrttum

241 2801 340 2852 laxum
366 2804 620 2868 Atceruuleretquteti
631 2809 760 2868 ariberte,
781 2811 871 2872 senne,
888 2817 910 2857 et
927 2817 1011 2871 aegre
1027 2810 1133 2870 quoedom
1151 2812 1188 2858 vel
1204 2814 1306 2872 operitur

242 2867 303 2915 nihil
312 2876 339 2915 ut
353 2868 425 2932 possit
440 2870 570 2932 expressius
585 2881 627 2919 aut
639 2871 763 2920 delinitius.
774 2883 777 2890 ¹
788 2875 825 2920 vel
842 2875 953 2921 immersa
969 2874 1069 2920 altitudo
1087 2877 1197 2923 remouit.
1228 2877 1305 2924 ers.

243 2933 336 2980 (ineu.
354 2933 407 2980 MS.
417 2931 486 2981 Corb.
503 2934 591 2997 Edpr.
600 2937 761 2985 steterurtis.
789 2937 850 2985 Loto
861 2937 930 2985 etism
941 2938 1032 2985 volebat
1043 2936 1124 2985 Heius.
1186 2938 1305 2988 adGraev.

243 2996 305 3044 Mox
311 3013 398 3059 provo.
431 2997 504 3044 Eun.
537 2998 575 3046 Sic
583 3009 606 3046 et
616 2999 679 3047 Bud.
733 3013 736 3016 ’
787 3006 837 3050 tt.
848 3001 910 3050 0011.
919 3002 1003 3049 Burni.
1011 3017 1034 3064 p.
1042 3003 1141 3049 424.νώ
1158 3006 1307 3067 equeprobnt

274 3062 378 3124 Iisdem]
390 3061 453 3109 Bud.
464 3063 561 3109 Isdem:
573 3063 606 3110 ita
615 3063 754 3127 frequenter.
790 3066 895 3113 Gravius
905 3065 962 3114 ibid.
973 3081 996 3128 p.
1007 3065 1062 3118 426.
1085 3065 1164 3114 Recte.
1188 3067 1231 3116 Sic
1237 3083 1307 3132 supra

275 3125 353 3185 Aquoe
366 3127 482 3189 Marcio]
499 3125 562 3173 Vera
576 3126 659 3175 lectio:
674 3127 762 3178 trustra
789 3130 884 3178 confusa
895 3133 950 3178 tecti
960 3138 983 3178 et
993 3131 1062 3176 lecti:
1078 3145 1096 3176 a
1109 3134 1132 3178 5.
1148 3131 1223 3178 Etru.
1239 3132 1303 3180 Bud.

242 3190 337 3236 turbant
344 3188 406 3249 libri,
416 3190 457 3252 qui
464 3189 555 3252 partim,
563 3205 629 3252 aqua
636 3196 760 3254 murgiuoe,
790 3201 837 3242 toto
848 3209 949 3256 corpore.
983 3194 1070 3256 Recepi
1081 3195 1127 3241 lete
1137 3209 1191 3242 curn
1202 3196 1256 3260 Bip.

242 3252 328 3316 partim
347 3255 439 3315 mergte
456 3254 564 3301 referunt.
598 3255 674 3303 Iure.
707 3257 762 3305 Hoc
823 3261 882 3306 Post
893 3260 965 3307 delete
976 3259 1109 3323 Artoarta]
1122 3259 1153 3306 V.
1167 3259 1206 3317 13,
1218 3261 1258 3308 41.

243 3317 315 3364 hebet
324 3317 360 3364 ed·
373 3332 408 3379 pr.
441 3317 488 3366 Sed
502 3317 556 3365 inde
572 3334 586 3364 a
602 3319 694 3368 Puteol.
709 3321 762 3368 vul·
822 3324 863 3370 Ad
873 3324 1004 3384 ecetrpundo
1017 3323 1197 3384 Tigranocerta]
1205 3323 1307 3374 SicMS.

241 3391 323 3444 gotum
344 3389 378 3429 est
398 3382 423 3428 in
444 3381 552 3429 omnibus
568 3381 620 3430 edd.
654 3383 683 3430 In
704 3385 760 3433 MS.
790 3387 874 3444 (Bud.)
887 3386 1305 3451 Grrelf.ed.pr;thn.etsequentes

244 3445 323 3493 Guelt'.
335 3461 349 3492 a
359 3460 431 3493 manu
441 3462 477 3520 pr.
488 3447 621 3505 Maestae
631 3463 675 3496 sec.
686 3451 760 3497 Mer·
776 3459 875 3498 'omnes
906 3451 942 3498 At
953 3451 1044 3500 Puteol.
1055 3451 1163 3499 Beroald.
1177 3451 1230 3499 Ale.
1240 3466 1306 3500 ocur.

243 3525 299 3570 ryae.
332 3509 393 3556 Mox
405 3509 516 3557 Heinsius
533 3511 605 3557 erud.
617 3511 698 3574 Agric.
710 3528 760 3560 cor·
788 3517 902 3576 pandunt,
913 3515 975 3578 quod
983 3516 1060 3578 ipsum
1067 3529 1160 3580 quoque
1168 3524 1255 3563 rectum
1262 3521 1305 3578 est,

243 3571 332 3634 rigebat
343 3575 475 3621 incestaret.
507 3574 538 3621 V.
550 3574 672 3623 edVellei.
684 3579 709 3633 2,
719 3578 759 3633 73.
777 3591 830 3626 vnec
840 3579 977 3627 inusitatum
988 3581 1054 3629 bonis
1066 3578 1220 3642 scriptoribus·
1246 3580 1320 3630 Mox·

243 3636 339 3684 sedhic
350 3648 428 3685 narrat
438 3637 531 3686 Tacitus
542 3639 621 3698 modo,
631 3640 689 3703 quid
699 3641 760 3690 fece·
789 3645 1115 3704 trptdomadoccnrtonerest
1132 3643 1152 3690 si
1167 3643 1307 3710 occasiwp-

150 3754 154 3759 ⁴
243 3699 282 3767 rit,
303 3700 338 3776 de.
356 3701 447 3775 polluta
467 3717 529 3765 equa
549 3704 627 3750 statim
649 3705 761 3768 sequitur.
789 3715 889 3769 portuna
906 3705 1027 3757 deficiendi
1045 3709 1146 3766 darem,
1164 3707 1306 3758 defectiuam

243 3765 316 3812 Recte
330 3774 441 3828 ignoret
456 3765 574 3830 eRyclrio
589 3767 638 3816 hae
653 3770 761 3818 comestio
776 3771 863 3819 ‘facile
898 3772 969 3819 Eun.
999 3785 1000 3790 ¹
1324 3799 1329 3812 ··

242 3829 351 3890 rejicitur.
384 3829 456 3877 Eure.
489 3831 529 3880 Ex
548 3831 572 3878 lt.
587 3832 605 3879 1.
622 3833 683 3882 clare
697 3843 762 3896 patet
821 3839 854 3883 Ia
870 3837 924 3883 autu
940 3838 1033 3900 etgredt
1064 3836 1161 3912 Proprie
1173 3836 1271 3886 dicimus
1281 3839 1308 3886 in

242 3893 761 3959 ep.Ryclrium‚amicum‚quemcitaresolet,
790 3903 845 3947 outa
871 3901 982 3962 degredts
1011 3839 1058 3961 sul,
1081 3915 1137 3963 qura
1157 3915 1205 3948 non
1227 3917 1308 3951 omnes

241 3972 291 4016 esse
303 3955 437 4006 Heinsium.
618 3975 621 3980 ·
736 3977 739 3982 ’
789 3963 880 4012 easdem
902 3974 977 4028 partes
998 3965 1090 4030 petiere,
1118 3964 1159 4012 sed
1184 3965 1241 4029 fuga
1267 3967 1309 4014 ille

279 4023 382 4084 Corpore
393 4029 440 4070 tete
446 4025 570 4089 polluisse]
588 4026 650 4086 Imo,
667 4041 761 4089 corpore
774 4037 778 4046 ⁴
789 4028 858 4076 etiam
870 4028 1039 4092 dispertitum,
1053 4029 1176 4092 vulgatum
1186 4029 1308 4082 ferendum

245 4086 296 4132 tete.
329 4087 415 4134 Fontes
431 4098 454 4135 et
469 4088 545 4151 capita
556 4105 671 4154 aquarum
699 4091 762 4140 risois
780 4101 855 4155 'puta
889 4094 981 4142 Earn*
1285 4113 1291 4120 ·

244 4163 322 4196 mora:
339 4149 364 4196 in
380 4151 394 4161 '¹
424 4161 548 4200 uenatore
564 4153 635 4202 nefas.
690 4156 779 4205 tuus·
821 4159 896 4204 Fines
913 4174 967 4207 eaor
982 4159 1229 4224 praegredientem]
1250 4159 1323 4208 Ma,

244 4228 281 4274 ep.
295 4215 320 4270 8,
332 4215 356 4259 8.
368 4213 397 4260 de
432 4215 545 4263 litnn'rno:
566 4220 632 4265 Pom
646 4223 760 4268 termitem
772 4223 779 4234 '
792 4221 855 4269 Flor.
875 4224 910 4286 (et
928 4221 1003 4284 Bud.)
1016 4221 1220 4286 progredientem
1260 4225 1311 4272 Ed.

245 4278 307 4322 sueri
323 4277 494 4340 preponipurr
509 4283 544 4328 ia·
557 4285 673 4344 repertori
690 4291 760 4346 perte
773 4288 779 4296 “
793 4301 828 4350 pr.
847 4289 882 4350 (et
898 4304 917 4335 o.
928 4291 988 4351 Agr.
1007 4290 1033 4334 tn
1044 4288 1068 4350 s.
1079 4287 1110 4348 e.)
1118 4289 1308 4350 progredientem

244 4342 359 4402 reerigere
380 4347 481 4403 matura
500 4346 566 4407 infra
586 4351 658 4395 etiam
679 4356 761 4397 natare
794 4351 882 4412 vitiose,
899 4367 942 4416 pro
953 4353 1165 4414 progredientem:
1184 4353 1246 4416 quod
1262 4366 1308 4402 non
