3042 4950
227 257 383 336 nens]
599 253 678 316 nra.
700 255 753 350 xi.
774 255 867 315 cnr.
887 260 935 315 sa.
1234 261 1296 316 ‚49
1369 312 1373 316 r

223 417 290 498 ens,
309 420 464 508 juxtaque
480 419 573 484 Silius
587 417 702 482 hedera
715 417 849 495 vinctus,
870 424 978 502 gerere
991 415 1170 496 cothurn’o's,
1183 419 1290 504 jacere

222 519 330 591 caput,
346 517 499 590 strepente
513 504 628 568 circum
647 502 769 589 procaci
783 501 885 565 choro.
917 501 1047 578 Ferunt,
1061 501 1208 567 Vectium
1223 503 1288 569 Va·

222 588 347 664 lentem,
362 587 485 652 lascivia
504 589 538 651 in
556 587 715 674 ploealtam
729 588 870 652 arborem
884 585 1055 663 connisum,
1071 584 1287 672 interroganti·

221 673 292 752 bus,
322 682 344 712 “
364 672 443 760 quid
468 672 638 760 adspiceret
647 673 686 738 3³³
723 670 925 760 respondisse,
953 677 975 708 “
1000 681 1215 755 tempestatem
1243 674 1285 738 ab

223 758 312 822 Ostia
325 759 497 822 atrocem:''
520 759 582 822 sive
596 770 718 844 ceperat
739 782 776 822 ea
797 756 923 843 speeies,
943 777 998 818 seu
1018 755 1100 818 forte
1116 753 1204 841 lapsa
1220 779 1283 822 vox

221 841 253 905 in
267 864 306 928 pr
399 865 454 906 um
468 843 570 908 vertit.

264 865 429 994 Xleilgll.
445 929 639 991 Nonnumor
649 927 775 1004 interea,
789 926 843 989 sed
859 926 996 1013 undique
1009 925 1111 989 nuntii
1124 925 1282 1003 incedunt,

222 1012 287 1098 qui,
311 1020 333 1051 “
354 1035 452 1099 gnara
474 1012 608 1076 Claudio
630 1023 741 1075 cuncta
759 1021 792 1073 et
811 1011 916 1075 venire
935 1023 1115 1098 promptum
1142 1009 1282 1089 ultioni,''

222 1098 388 1161 adferrent.
432 1097 534 1183 Igitur
557 1094 737 1160 Messallina
758 1094 960 1173 Lucullianos
980 1095 1013 1158 in
1037 1095 1152 1174 hortos,
1178 1094 1282 1173 Silius,

221 1180 444 1245 dissimulando
473 1193 567 1254 metu,
586 1181 637 1244 'ad
665 1179 773 1242 munia
800 1179 861 1242 fori
889 1180 1117 1264 digrediuntur.
1162 1180 1281 1244 Ceteris

219 1266 334 1350 passim
364 1265 583 1343 dilabentibus,
614 1264 742 1328 adfuere
772 1263 987 1341 Centuriones,
1015 1264 1177 1351 inditaque
1208 1279 1282 1328 sunt

220 1347 354 1427 vincula,
379 1361 417 1413 ut
440 1350 511 1436 quis
535 1349 746 1436 reperiebatur
768 1349 802 1412 iu
824 1348 959 1434 publico,
983 1361 1038 1411 aut
1063 1371 1118 1444 per
1138 1347 1280 1413 latebras.

221 1432 412 1512 Messallina,
431 1447 544 1510 tamen,
559 1456 750 1520 quamquam
771 1456 820 1496 res
839 1433 976 1496 adversae
989 1432 1151 1496 consrlium
1165 1432 1281 1497 exime-

219 1531 299 1598 rent,
321 1519 366 1581 ire
379 1519 512 1596 obviam,
528 1533 560 1582 et
580 1519 696 1603 adspici
716 1540 735 1580 a
757 1517 878 1595 marite,
898 1517 983 1603 quod
1006 1540 1087 1603 saepe
1107 1517 1281 1581 subsidium

219 1603 380 1680 habuerat,
395 1604 479 1668 haud
499 1604 633 1688 segniter
645 1602 789 1680 intendit,
805 1601 971 1688 jussitque,
993 1608 1015 1639 “
1030 1613 1067 1665 ut
1081 1600 1280 1666 Britannicus

219 1702 252 1751 et
273 1688 401 1752 Octavia
420 1689 452 1751 in
471 1687 666 1772 complexum
688 1687 786 1772 patris
808 1686 1000 1772 pergerent.”
1043 1686 1089 1749 Et
1108 1685 1280 1764 Vibidiam,

219 1773 376 1858 virginum
387 1771 557 1836 Vestalium
567 1771 815 1857 vetustissimam,
826 1771 934 1845 oravit,
950 1778 971 1810 ‘⁴
984 1769 1141 1834 Pontificis
1154 1772 1282 1836 maximi

221 1986 321 2033 dumis.
356 1986 393 2034 De
411 1986 498 2049 thyrso,
518 1996 600 2051 prater
615 1988 672 2037 alios
687 1988 733 2037 Ju·
767 1993 1283 2034 rorr.ronrvnn·r1.csnsrn1smann.

219 2049 293 2096 atinus
313 2066 326 2098 e
343 2083 349 2096 .
365 2051 394 2096 ad
412 2051 500 2097 Zenam
517 2067 539 2098 c,
556 2053 579 2098 u.
609 2052 695 2112 ‘scrip
712 2055 735 2096 at
767 2062 935 2096 nxscroarn
954 2060 1282 2096 rnunronvrr.nvcrr.1·

219 2113 306 2192 Βάκχαι
321 2067 353 2159 did
371 2111 491 2177 σχήματος
506 2114 607 2176 aipnuruai
622 2113 664 2166 nde
681 2122 733 2172 λογ-
766 2125 895 2160 Attonvlt.
927 2112 1004 2158 Iall’s.
1042 2111 1106 2169 Qtlin
1126 2111 1282 2158 hauddubie

235 2193 262 2226 uc
273 2195 292 2222 ru
303 2178 348 2229 utic
359 2175 442 2237 θύρσοις
451 2177 606 2236 περιφέρουσιν.
638 2168 734 2224 videet
766 2175 861 2223 Luculli
878 2175 940 2221 horti
959 2175 1128 2237 intelligimur,
1146 2173 1177 2222 de
1195 2175 1281 2237 quibu!

240 2237 324 2287 linium
345 2239 384 2298 16,
399 2239 439 2286 62.
473 2239 602 2287 Athenaeus
619 2241 733 2301 ejunnodi
765 2255 785 2286 c.
796 2239 812 2285 1.
824 2238 887 2302 qnod
902 2237 962 2285 clare
976 2247 1040 2298 patet
1053 2253 1067 2284 e
1081 2237 1280 2285 100060.Αοοὴ-

218 2301 306 2349 Bacchi
321 2303 420 2365 insignia
434 2303 459 2349 in
473 2302 599 2366 Pyrrbicha
613 2303 736 2352 adratione*
766 2303 839 2361 ebeni,
848 2317 918 2364 quan
930 2300 959 2349 ud
969 2317 988 2348 r.
1000 2301 1042 2356 37.
1052 2301 1151 2349 affert-J.
1159 2302 1198 2348 Fr.
1207 2301 1279 2348 Gran.

219 2366 545 2428 mponnneoennunu,
557 2366 579 2421 7.
611 2366 732 2414 ‘urinas’
767 2367 918 2412 awanam
934 2365 1003 2411 mm
1020 2373 1099 2412 anna
1115 2365 1186 2412 riuos
1203 2366 1280 2426 regar.

219 2432 278 2490 ἡμᾶς
291 2431 384 2494 πνῤῥίχη
402 2432 529 2484 Διονυσιακή
548 2447 582 2483 τις
599 2428 649 2477 εἶναι
669 2430 733 2492 inari,
765 2429 830 2476 dum.
864 2430 918 2477 MS.
938 2429 999 2476 l'lor.
1017 2428 1042 2476 h.
1059 2429 1075 2476 l.
1090 2429 1235 2484 Facilitate,
1253 2437 1280 2477 ut

219 2494 369 2557 interimique
387 2491 440 2540 elea
458 2496 497 2545 τῆς
513 2494 613 2556 ἀρχαίας.
642 2493 733 2557 ’Ἔχουσι
766 2492 997 2547 60οΠ.ίηῆ·ιο37.
1014 2494 1159 2553 Lucilianos,
1168 2492 1278 2555 utedtpr.

218 2555 260 2618 γὰρ
283 2560 303 2601 al
323 2557 440 2632 ‘Wiss'fm
457 2554 545 2617 θύρσους
565 2556 612 2603 iod
632 2556 733 2617 iupis-arr·
765 2572 837 2619 aqua
847 2556 1090 2619 noulongeabitoetl.
1102 2556 1165 2604 Bud.
1184 2559 1280 2604 Feltin-

218 2616 734 2747 nustr,terirentur
764 2622 965 2678 r
997 2620 1280 2747 un

217 2743 248 2791 ad
264 2744 316 2809 arpi
335 2746 371 2791 ris
390 2746 497 2803 Διόνυσον,
515 2744 551 2791 uni
568 2746 598 2791 τὰ
615 2744 667 2807 arpi
684 2745 734 2799 τοὺς
764 2747 811 2793 Sed
829 2761 867 2810 ap.
879 2748 942 2795 Sext.
954 2746 1047 2794 Rufum
1064 2746 1223 2795 etAurelium
1234 2748 1278 2794 vi-

215 2805 297 2867 bebit,
318 2808 355 2854 uel
372 2808 402 2856 τὰ
423 2808 471 2870 napi
493 2808 529 2854 ris
549 2807 638 2855 Πυθία.
670 2808 732 2866 Quae
764 2819 851 2857 ctorem
867 2826 915 2873 reg.
926 2810 967 2858 IX
981 2811 1045 2858 urbis
1058 2810 1142 2857 Romoe
1152 2812 1280 2857 Laetuilani

216 2873 285 2921 verba
295 2872 371 2919 lucem
381 2872 545 2931 macrobiis,
557 2888 610 2935 que
623 2872 661 2920 hic
673 2887 732 2935 pra·
764 2873 880 2922 dionntur.
890 2874 921 2922 V.
931 2873 1129 2937 Ryclriusrdbd.
1145 2873 1279 2937 Utrumque

216 2934 307 2994 cedunt,
316 2937 416 2997 semina
428 2938 529 2996 pellibus
540 2939 647 2983 accinctis
657 2938 731 2983 asunl-
763 2947 858 2985 teritum⁴
875 2937 948 2985 Earn.
980 2937 1077 2985 Deood.
1088 2936 1152 2984 Bud.
1163 2938 1197 2985 ita
1206 2954 1275 3001 cape:

216 3000 303 3057 taient,
311 3001 374 3047 velut
381 3000 536 3060 ramsscantes
547 3001 583 3046 uel
592 3002 732 3048 insanientes
763 3001 802 3049 bie
814 3002 885 3050 babet
894 3002 1023 3063 scilianus,
1037 3000 1076 3048 sed
1087 3001 1140 3048 dure
1147 3001 1230 3062 prima
1240 3002 1281 3049 lit·

216 3064 325 3110 Bacclroe.
352 3063 427 3111 Lars.
466 3062 524 3111 cod.
548 3063 626 3111 Oxou.
658 3065 731 3111 Crine
764 3074 818 3113 tera
834 3065 958 3113 secandam
973 3079 1070 3113 manum
1086 3078 1190 3113 msere:
1207 3067 1278 3121 cit.

209 3127 283 3188 suso..
311 3126 403 3175 Deinde
420 3127 500 3174 Guelt'.
517 3128 601 3173 hedera
623 3130 730 3189 junctus,
763 3129 941 3177 damiaeianie.

215 3189 349 3237 confusione
358 3190 473 3253 frequenti
483 3190 579 3237 librariis
589 3190 613 3238 in
624 3190 673 3237 istis
684 3191 731 3253 syl·
795 3194 974 3240 Dissimulaudo
984 3195 1060 3256 maa]
1077 3192 1133 3240 MS.
1144 3192 1223 3241 daut
1232 3195 1282 3241 dir·

215 3254 281 3301 labis.
314 3254 376 3301 Mox
395 3269 416 3300 c.
431 3255 469 3300 36
486 3253 547 3299 idern
566 3253 624 3301 liber
638 3256 674 3301 uir
690 3269 731 3316 pro
763 3258 878 3305 simulata.
911 3256 977 3303 Illud
997 3258 1096 3303 melius:
1120 3256 1280 3305 dissimulandi

207 3316 261 3378 jue.
293 3316 404 3365 Addead
416 3316 454 3375 12,
469 3316 504 3364 16.
516 3319 555 3365 29.
576 3318 648 3365 Ean.
762 3328 931 3369 mnuscaussa.
949 3319 1280 3369 Flor.13ud.muam=mue.

228 3403 231 3411 =
248 3382 349 3441 Ferrarii,
363 3380 477 3441 Vectium]
496 3380 559 3429 Bud.
569 3383 667 3442 Fertur,
680 3398 731 3430 oen
763 3384 835 3431 Ean.

215 3447 306 3493 titium.
503 3466 505 3471 ·
795 3449 985 3512 Digrediuntur]
1019 3448 1058 3496 lta
1072 3449 1135 3495 Flor.
1152 3457 1176 3496 et
1188 3449 1227 3497 ed·
1243 3466 1279 3512 pr.

250 3511 349 3571 Ceperat
359 3524 386 3556 ea
396 3511 492 3573 perier]
509 3510 534 3559 Si
541 3525 593 3557 vera
600 3511 649 3559 han
656 3511 731 3565 lectio,
763 3512 992 3573 Getaidigreditar.
1026 3512 1091 3560 illud
1106 3521 1167 3559 recte
1181 3514 1280 3561 restituit

214 3572 287 3620 intell.
299 3576 413 3621 animam.
447 3574 501 3622 Sive
514 3575 639 3636 caspecies
653 3574 731 3623 animo
763 3574 871 3623 Pitbena.
895 3575 966 3623 Enn-
999 3575 1063 3624 Bud.
1074 3577 1215 3637 digreditur.

214 3638 292 3685 oblata
302 3645 336 3685 est
346 3636 503 3701 prospicientis
514 3648 556 3683 etc.
573 3638 645 3685 Ean.
797 3639 945 3701 Qaanrqaanr
972 3655 1010 3687 ree
1031 3641 1134 3686 (010000
1154 3642 1279 3687 Musa

250 3702 359 3763 Undique
376 3701 457 3748 nuntii
472 3701 595 3764 incedunt]
624 3701 729 3749 Freinsh.
762 3704 903 3766 eainunnt]
920 3703 959 3751 Sic
969 3703 1042 3751 MSS.
1053 3703 1115 3750 Flor.
1124 3703 1188 3750 Bud.
1196 3704 1278 3767 Agric.

214 3764 300 3813 frasne
316 3767 438 3813 incidunt.-
456 3764 528 3813 veluti
544 3764 685 3812 nimislento
695 3765 729 3812 al·
763 3766 842 3813 Gueltl
865 3765 902 3814 ed.
920 3782 955 3829 pr.
988 3766 1064 3815 Ceteri
1086 3766 1166 3828 scripti
1186 3777 1210 3814 et
1225 3768 1278 3814 edd.

213 3836 269 3876 tero.
303 3830 420 3877 Incedunt
436 3836 469 3876 est
480 3830 627 3884 crebrescunt,
639 3836 731 3892 repente
762 3832 899 3876 adimerent.
925 3830 1191 3891 llludmcritoproetuli.
1207 3832 1278 3879 Ean.

214 3893 383 3953 superveniunt.
417 3892 449 3940 V.
465 3890 495 3939 ad
511 3892 536 3949 3,
552 3892 591 3937 26.
624 3892 692 3939 Alias
708 3900 731 3940 et
762 3893 800 3940 cf.
815 3894 852 3954 13,
865 3893 903 3940 16.

214 3958 323 4004 incidant
341 3964 431 4019 aptum,
449 3962 473 4002 et
490 3970 550 4017 saepe
567 3968 611 4065 ppo
628 3956 730 4003 incidere
800 3958 931 4017 durique,
951 3960 991 4021 ut]
1019 3957 1074 4004 Hoc
1090 3972 1182 4020 quoque
1199 3971 1280 4003 exenn-

215 4018 302 4067 librarii
313 4019 395 4067 dedere
406 4020 516 4066 incedere.
534 4018 565 4067 V·
599 4018 730 4067 raltenbad
761 4019 829 4081 plum
848 4020 989 4067 adscribetur
1004 4021 1041 4081 iis,
1055 4022 1140 4084 quibus
1157 4019 1199 4066 viri
1217 4019 1279 4067 docti

217 4080 269 4129 Lir-
282 4086 306 4143 9,
318 4086 357 4131 24.
374 4083 446 4131 Eun.
761 4082 822 4129 hana
842 4085 1033 4132 annectionem
1054 4085 1117 4132 verbi
1136 4086 1219 4146 jubere
1239 4083 1280 4130 de·

210 4169 227 4178 ’ν
249 4148 399 4195 Lucullianos
421 4149 447 4193 in
468 4147 559 4209 iudos]
592 4146 630 4194 De
646 4146 731 4209 quibus
762 4146 868 4194 fundunt.
901 4147 934 4194 V.
946 4147 1223 4202 Drakenb.adbiv.32,
1240 4148 1279 4194 16.

217 4208 282 4257 initio
290 4210 360 4269 hujus
375 4210 436 4258 libri.
470 4210 561 4259 Tamen
575 4218 598 4257 et
609 4210 732 4257 Lucilianae
763 4217 852 4274 siquos
862 4209 1279 4273 nudauipseetnukerusauaa,

245 4272 404 4337 adisreperio,
413 4274 481 4321 ethio
490 4274 514 4321 in
523 4274 595 4321 Mss.
605 4282 732 4322 consumet
763 4274 802 4320 21.
819 4274 891 4323 Ean·
1204 4308 1208 4313 .

234 4343 296 4383 ortos
315 4334 453 4387 Lucilianos.
485 4336 557 4398 Inpia
581 4336 664 4384 Roma
680 4340 729 4399 (ap.
801 4336 927 4395 Vibidiam]
946 4337 1144 4384 Buduriidiam.

216 4397 285 4447 Grut.
297 4416 320 4462 p.
332 4402 667 4465 impraetermissam.
681 4414 733 4450 rra-
808 4402 1018 4463 vetustissimam}
1046 4398 1091 4448 Est
1116 4399 1207 4461 eodem
1229 4415 1284 4464 qua
