3042 4950
173 36 206 73 ²!

162 78 205 109 0⁴⁵«

92 282 96 297 ,
161 170 269 285 ”lis
545 240 547 245 ·
611 220 845 283 sturmen
1088 226 1261 301 [taam.

199 406 368 471 omnesque
387 380 521 471 puberes
538 384 685 451 trucidmi
704 386 776 465 sint,
795 385 882 451 nullo
900 384 998 451 milite
1012 384 1134 464 amuco,
1153 385 1263 472 paucis

200 470 371 537 admodum
382 467 568 536 vulneratis:
590 484 622 535 et
631 470 758 535 imbelle
772 470 887 558 vulgus
901 473 960 537 sub
977 494 1091 537 corona
1103 470 1264 535 venunda-

201 569 291 621 tum:
314 552 434 641 reliqua
447 554 555 641 praeda
567 554 736 642 victoribus
750 555 864 621 cessit..
894 558 969 621 Pari
981 558 1109 621 fortuna
1122 556 1264 641 Legatus

201 665 238 707 ao
253 640 424 705 Praefectus
434 640 484 705 usi
502 652 586 717 sunt,
600 640 765 738 tribusque
778 663 843 704 uua
855 640 907 705 die
919 642 1050 707 castellis
1064 641 1262 729 expugnatis,

202 740 304 807 cetera
318 740 444 805 terrore,
459 741 491 791 et
506 724 571 791 alia
588 739 697 811 sponte
713 724 884 789 incolerum
903 728 937 791 in
957 726 1145 791 deditionem
1159 727 1263 790 venie·

203 812 291 887 bant,
306 810 390 877 unde
408 824 478 875 orta
495 810 610 875 fiducia
629 824 724 897 caput
742 810 854 896 gentis,
867 815 1035 889 Artaxata,
1053 810 1269 896 adgrediendi.-

203 892 272 961 Nec
291 912 393 961 tamen
411 896 554 983 proximo
573 894 681 960 itinere
700 897 804 960 ductoe
823 896 970 983 legiones,
990 919 1073 983 quae,
1094 897 1120 960 si
1140 919 1262 961 amnem

201 985 343 1060 Araxen,
359 982 415 1069 qui
428 980 543 1047 moenia
555 980 666 1059 adluit,
680 992 776 1068 ponte
786 983 1085 1069 transgrederentur,
1096 981 1154 1045 sub
1166 981 1264 1046 ictum

201 1067 376 1136 dabantur:
392 1066 513 1153 procul,
527 1080 560 1130 et
572 1065 734 1132 latioribus
743 1066 832 1131 vadis
846 1068 1002 1133 transiere.

207 1148 210 1159 ’
247 1152 324 1217 XL.
346 1152 393 1216 At
409 1150 577 1231 Tiridates
591 1152 713 1239 pudore
732 1167 764 1218 et
778 1167 876 1233 metu,
890 1176 941 1233 ne,
955 1154 982 1217 si
998 1152 1193 1219 concessisset
1209 1153 1266 1217 ob-

204 1236 328 1317 sidioni,
349 1234 426 1303 nihil
445 1237 513 1325 opis
530 1237 563 1301 in
581 1237 649 1325 ipso
663 1238 841 1313 videretur;
865 1238 890 1303 si
909 1238 1098 1325 prohiberet,
1118 1237 1266 1325 inpeditis

142 1394 149 1408 .
204 1322 280 1391 locis
301 1346 396 1411 seque
418 1335 451 1387 et
475 1334 632 1409 equestres
655 1322 759 1409 copias
780 1323 924 1411 inligaret
936 1351 956 1401 ;.
968 1325 1077 1389 statuit
1097 1340 1264 1411 postremo,

132 1452 136 1459 -
184 1408 365 1475 'ostendere
378 1408 486 1486 aciem,
498 1422 530 1477 et
543 1407 617 1473 dato
631 1406 682 1473 die
718 1408 1059 1494 roeliumineipere‚vel
1072 1408 1274 1473 simulatione-

205 1495 292 1583 fugae
305 1494 407 1559 locum
422 1493 529 1559 fraudi
541 1516 659 1591 parare.
676 1522 679 1527 ·
695 1432 806 1579 igitur
818 1509 946 1580 repente
958 1516 1069 1591 agmen
1085 1496 1274 1565 Romanum·

205 1578 438 1658 circumfundit,
461 1600 524 1643 non
547 1601 657 1665 ignaro
679 1580 771 1645 Duce
795 1591 912 1658 nostro,
961 1579 1075 1644 u1¹vise
1099 1578 1215 1665 pariter
1235 1593 1275 1643 et·

205 1688 323 1765 pugnae
344 1678 558 1752 composuerat
578 1662 756 1731 exercitum.
801 1664 916 1728 Latere
937 1603 1049 1729 dextro
1068 1663 1159 1728 tertia
1173 1662 1275 1749 legio,

205 1748 328 1839 simstro
339 1763 426 1815 sexta
434 1750 607 1827 incedebat,
616 1748 725 1813 mediis
734 1749 977 1815 decumanorum
986 1749 1128 1815 delectis:
1143 1760 1269 1835 recepta

206 1834 287 1900 inter
300 1834 423 1900 ordines
435 1834 655 1922 inpedimenta,
667 1847 701 1898 et
715 1837 840 1919 tergum
854 1833 937 1899 mille
947 1835 1067 1921 equites
1080 1836 1274 1900 tuebantur:-

206 1920 322 2009 quibus
335 1917 484 2007 ¹jusserat,
500 1926 521 2034 ‘2‘
535 1934 572 1983 ut
591 1918 778 1983 instantibus
790 1919 933 1984 cominus
943 1921 1128 1999 resisterent,
1142 1920 1270 2004 refugos

209 2029 272 2071 non
292 2005 522 2093 sequerentur.'
565 2005 604 2068 In
625 2000 770 2070 tontibus
788 2001 894 2091 pedes,
913 2006 1100 2091 sagittarius,
1118 2017 1150 2069 et
1168 2019 1270 2069 cetera

195 2102 320 2174 'manus
340 2089 481 2187 equitum
501 2090 577 2171 ibat,
596 2088 795 2179 productiore
813 2112 966 2157 cornuum
982 2090 1115 2173 sinmtro,
1133 2113 1191 2177 per
1206 2090 1271 2155 ima

246 2291 547 2353 caputgmtudmraa]
561 2291 685 2341 Cordium
695 2292 725 2339 ab
752 2306 787 2353 pr.
797 2293 886 2353 pedites
895 2294 1070 2355 sagittariique.
1214 2290 1268 2353 qui-

213 2354 314 2403 Artsxia
334 2371 396 2419 rege,
418 2371 490 2408 suern
505 2355 630 2404 Annibalis
652 2355 725 2403 Poeni.
754 2355 809 2403 dem
827 2355 898 2403 etiam
913 2356 1024 2403 Muretus
1040 2354 1119 2403 etA'
1161 2355 1196 2401 'us
1214 2354 1268 2403 addi

212 2418 415 2467 i’luurehumadi
425 2419 636 2469 incuteretur.
649 2420 725 2467 Iure.
756 2420 871 2467 volebant.
904 2419 989 2484 Itaque
999 2419 1134 2482 recepissem
1147 2418 1269 2466 lectionem
1296 2444 1300 2451 ·

248 2551 283 2597 Et
293 2549 348 2596 dcto
359 2549 409 2614 die]
421 2549 445 2596 id
461 2556 503 2607 est,
521 2548 648 2612 primodie
663 2547 725 2603 dato.
756 2549 982 2612 obstaretequrlrus
992 2549 1026 2595 nil
1037 2548 1152 2596 variatis
1162 2556 1268 2594 notamm

214 2628 269 2662 eum
285 2612 404 2662 illuxisset
439 2613 480 2660 Its
489 2612 577 2660 Annei.
591 2618 615 2662 4.
631 2615 727 2674 doteque
755 2628 772 2660 a
797 2627 899 2676 uoqusm
910 2612 993 2660 videor
1011 2612 1073 2659 unde
1082 2611 1193 2674 suspicor,
1204 2611 1229 2658 in
1240 2611 1269 2659 iis

215 2685 317 2740 tempore
337 2691 383 2723 nort
400 2679 513 2724 reticebo:
535 2677 560 2724 id
579 2685 622 2735 est,
640 2677 726 2724 oblato.
898 2675 978 2724 titisse.
1008 2675 1043 2724 Et
1062 2676 1087 2723 id
1103 2675 1183 2724 eodem
1200 2675 1269 2732 redit,

216 2741 290 2789 rnna
324 2740 426 2789 Pithena
440 2740 663 2803 conpescendis,
675 2741 724 2787 iru-
755 2739 1011 2804 modointerpnngstnr
1024 2749 1077 2803 post
1086 2742 1164 2802 pedet,
1177 2739 1269 2787 utfeci-

214 2815 268 2854 stra.
300 2803 346 2852 Vir
363 2803 444 2853 doctus
464 2821 503 2868 ep.
522 2804 640 2867 Rycltium
662 2811 724 2864 noto,
755 2819 815 2860 mus.
848 2804 921 2852 uns.
954 2804 1018 2853 Bud.
1037 2804 1107 2854 etism
1125 2806 1213 2868 absque
1231 2818 1271 2852 oo-

211 2869 277 2936 'quod
294 2867 364 2917 nimis
379 2869 502 2932 poeticum.
535 2868 596 2916 Mox
611 2869 727 2915 incedebat
754 2868 820 2930 puls.
1271 2922 1275 2931 ι

215 2934 252 2981 cd.
289 2941 334 2980 .ut
344 2941 396 2996 post
404 2935 428 2996 (e
437 2931 513 2994 Bud.)
522 2932 640 2994 castigavit
649 2932 725 2980 Rhen.
788 2933 933 2980 Productior
943 2947 1016 2980 corso
1030 2934 1057 2980 iu
1066 2935 1175 2996 sissimo]
1188 2930 1269 2996 Expe-

216 2997 247 3046 In
259 2947 350 3049 littaei.
360 2995 397 3044 eri.
408 3005 441 3045 est
451 2998 574 3055 insedebat,
584 2995 727 3060 vitioopera·
755 2994 825 3042 ditior
840 2997 935 3044 omnino
945 3007 969 3044 et
984 2997 1057 3044 verior
1067 2998 1110 3045 erit
1123 2997 1199 3056 lectio,
1211 3013 1281 3058 pro,

215 3075 277 3120 rum,
288 3071 317 3108 ut
326 3059 392 3107 facile
402 3059 552 3123 intelligitur:
566 3069 643 3108 tamen
651 3060 676 3107 id
684 3075 726 3108 cx·
756 3061 861 3107 doctiore
871 3075 986 3108 coruurtm
997 3063 1102 3108 sinistro.
1120 3062 1143 3108 Ε
1154 3061 1268 3119 cornibus,

280 3139 317 3173 ere
328 3123 419 3186 Rivius,
432 3124 567 3183 Beroaldus,
578 3132 601 3172 et
611 3122 726 3174 Alciatus.
756 3125 841 3188 inquit,
864 3125 996 3187 productius
1011 3131 1071 3172 'erat
1093 3124 1221 3183 sinistrum,
1247 3133 1270 3173 et

214 3139 286 3238 §iiii
757 3187 944 3236 causssmsddit.
962 3188 1037 3236 ers.
1054 3191 1269 3237 Productiortcor.

249 3254 341 3302 Mediis
360 3253 542 3300 decumanorum
559 3249 660 3317 dilectis]
678 3253 728 3301 illi-
757 3260 791 3298 nu
801 3254 827 3299 is
837 3252 917 3300 acad.
933 3252 971 3300 Fi.
984 3254 1139 3318 (quemquern
1153 3267 1201 3299 non
1215 3253 1271 3301 setis

215 3327 279 3366 retur
290 3316 393 3375 Grotius,
405 3330 451 3364 non
461 3317 544 3365 vidisse
554 3316 614 3364 viros
628 3324 662 3363 tot
676 3333 728 3365 eru-
756 3316 910 3373 consentiunt,
930 3316 970 3379 qui
990 3316 1121 3380 inspexere)
1140 3317 1177 3364 ed.
1195 3333 1230 3380 pr.
1247 3327 1270 3366 et

216 3381 286 3440 ditos,
305 3380 398 3428 nullum
414 3379 451 3428 his
467 3381 541 3428 verbis
556 3395 604 3427 esse
616 3395 727 3428 sensum:
757 3382 820 3445 seqq.
832 3379 863 3427 sd
873 3379 1022 3435 Rhenanam,
1029 3382 1076 3447 ‚qni
1087 3381 1112 3444 (e
1121 3379 1197 3441 Bud.)
1207 3380 1271 3429 dedit

216 3445 345 3493 mutatione
355 3459 414 3507 opus
423 3445 483 3492 ierit
498 3445 582 3491 mediis
592 3445 728 3492 decomano-
753 3446 900 3506 productior,
911 3444 975 3509 quod
989 3454 1025 3492 est
1039 3453 1063 3492 et
1077 3444 1102 3491 in
1116 3444 1172 3494 MS·
1191 3444 1270 3495 Oxon.

218 3525 273 3558 rem
283 3511 369 3558 cruet
401 3508 489 3556 Mediis
497 3508 553 3556 loeis
562 3507 647 3556 scilicet
656 3513 727 3572 (prte-
759 3507 838 3555 Gnelf.
861 3507 916 3557 MS.
937 3511 998 3571 Agr.
1018 3510 1169 3570 productiore
1189 3525 1271 3557 eorum

218 3575 285 3622 cessit
305 3573 368 3620 enim
388 3572 459 3620 latere
479 3571 560 3619 dextro
581 3581 605 3619 et
626 3571 728 3635 sinistro)
757 3574 862 3621 tinutro.
894 3572 975 3684 quue
990 3573 1060 3620 etiam
1076 3573 1160 3620 ultima
1175 3573 1199 3620 in
1211 3590 1280 3635 pro--

217 3636 353 3686 moerebant
375 3635 492 3684 lectissimi
510 3635 606 3698 legionis
625 3635 729 3685 decime.
759 3638 864 3684 ductim
874 3637 898 3684 in

219 3699 729 3763 Multornagismirnmrisrlsvnonvidissq
757 3700 832 3748 malui
850 3701 985 3765 scripturam
1000 3699 1110 3748 Rhenani
1126 3701 1201 3764 sequi,
1218 3718 1272 3764 qua

218 3767 306 3813 medios
315 3779 371 3820 esse,
380 3763 421 3827 qui
429 3762 529 3810 mediam
538 3763 609 3810 aciem
618 3772 729 3826 tenerent,
757 3763 817 3811 mihi
836 3763 1021 3812 commodissima
1042 3763 1133 3811 ridetur
1154 3765 1270 3824 omnium,

124 3824 127 3828 ’
235 3829 260 3876 ui
270 3829 295 3875 in
304 3827 382 3876 medio
391 3826 536 3874 incederentt
555 3826 637 3874 deinde
647 3831 731 3876 mediis
757 3841 829 3890 quam
839 3843 927 3876 meram
938 3828 1101 3888 conjecturum.
1128 3831 1273 3877 Productior

276 3906 397 3954 marmot
418 3891 510 3938 delectit
527 3891 581 3949 dici,
596 3891 659 3939 verbi
675 3893 731 3941 sub.
757 3892 799 3939 int.
818 3906 903 3940 manus
918 3892 1023 3955 equitum
1037 3892 1196 3956 peditumque.
1226 3894 1271 3941 Ce-

218 3955 311 4006 stantivi
320 3955 440 4019 partidpio
451 3954 582 4004 intellector
599 3954 694 4018 perinde
704 3971 731 4004 sc
758 3963 835 4003 terum
851 3955 905 4004 licet
920 3955 1038 4018 suspiceri,
1051 3971 1124 4004 coms
1141 3957 1271 4020 emargine

217 4021 322 4076 siesseu
356 4034 414 4067 uum
424 4018 496 4067 medii
505 4019 580 4066 forent
594 4034 624 4066 ex
635 4019 731 4068 decuma
758 4019 888 4082 irrepsisse:
906 4019 1023 4068 branimir
1033 4019 1127 4083 quidem
1138 4019 1158 4067 si
1170 4020 1226 4069 satis
1236 4038 1271 4068 re·

218 4085 310 4148 legione
320 4035 418 4141 ἀλωῆς
451 4097 509 4130 uum
520 4083 608 4130 medios
621 4082 731 4132 haberent
758 4083 834 4149 tineos
845 4083 951 4144 Tacitus,
961 4096 1009 4131 non
1021 4083 1107 4146 posuit.
1129 4082 1198 4132 Etru.
1224 4084 1272 4132 Pa·

217 4147 423 4198 decumanorumrl
447 4155 513 4194 seros.
547 4147 637 4195 Geor.
671 4147 731 4196 Mox
759 4161 813 4194 rum
838 4146 933 4210 quidem
956 4147 1031 4207 refert,
1054 4155 1134 4194 utrum
1156 4148 1280 4210 preterea,

219 4211 298 4265 Guell‘.
311 4215 415 4260 cornimu
425 4213 564 4258 insisterent.
598 4212 669 4259 Erre.
729 4265 731 4272 ‚
759 4210 857 4258 Planius
867 4219 944 4258 tamen
955 4211 1045 4277 videtur
1050 4213 1192 4274 productim
1199 4227 1272 4259 coros

250 4279 284 4323 Its
303 4277 408 4323 comibus
425 4275 505 4338 pedet,
521 4275 672 4336 sagittarios]
693 4275 731 4324 Sit
758 4273 811 4322 diei.
828 4274 898 4324 Unde
906 4275 1108 4340 lipsiilettionem
1118 4275 1206 4322 restitui
1216 4291 1271 4328 cum

211 4339 271 4387 ‘uid
281 4353 363 4387 omues
377 4338 431 4388 inde
445 4356 459 4388 s
471 4337 605 4387 Puteolano.
639 4339 684 4388 Sed
696 4339 732 4390 ed.
761 4339 817 4406 Bip.
827 4339 931 4403 Rytltius
941 4339 1001 4403 Agr.
1012 4338 1062 4388 cod.
1077 4338 1161 4388 hahere
1175 4347 1270 4394 testam

934 3636 1035 3694 „Flos
1047 3636 1194 3684 estinducta
1216 3637 1271 3700 Ego
