3042 4950
251 252 309 311 aas
662 248 893 308 lunanum
1138 252 1318 323 [ausu.

163 444 166 451 ¹
257 412 362 478 Cereri
370 412 554 490 celebratur,
563 410 690 507 ensequi
698 410 864 486 destinata3
876 411 1170 500 quiaCaesar,rarus
1178 432 1315 493 egressu,

255 497 410 583 domoque
438 511 493 560 aut
519 496 618 559 hortis
649 494 783 574 clausus,
813 496 855 559 ad
883 495 1003 560 ludicra
1031 494 1105 559 circi
1130 494 1314 575 ventitabat,

155 609 165 629 .
255 582 523 669 promptioresque
537 580 641 645 aditus
654 593 742 643 erant
762 579 871 644 laetitia
885 580 1061 667 spectaculi.
1102 579 1255 644 Ordinem
1269 582 1316 643 in-

258 666 344 731 sidiis
359 672 606 753 composuerant,
622 674 643 707 ‘⁶
658 680 694 735 ut
716 666 902 743 Lateranus,
942 665 1008 737 uasi
1022 665 1198 729 subsidium
1213 665 1256 727 rei
1269 665 1317 729 fa-

175 790 179 797 ,
257 751 369 816 miliari
383 767 494 829 oraret,
513 750 772 837 deprecabundus
790 763 822 813 et
835 752 908 836 geni
932 774 970 814 us
990 750 1145 835 Principis
1162 749 1311 825 accidens,

257 848 464 933 prosterneret
477 837 638 901 incautum
655 848 882 921 premeretque,
897 836 993 899 animi
1007 833 1130 898 validus
1143 847 1175 896 et
1186 857 1314 919 corpore

257 944 382 1007 ingens:
407 936 474 985 turn
492 924 645 1007 jacentem
663 932 694 983 et
708 919 883 1067 inpeditum
899 920 1036 983 Tribuni
1052 933 1083 982 et
1099 918 1313 997 Centuriones,

257 1020 289 1069 et
302 1020 474 1070 ceterorum
490 1005 672 1090 utquisque
688 1028 728 1069 au
753 1005 845 1068 entiae
858 1004 1027 1081 habuisset,
1042 1015 1236 1075 accurrerent
1250 1017 1315 1067 tru-

258 1091 494 1175 cidarentque;'’
507 1090 622 1176 primas
634 1090 690 1153 sibi
697 1102 804 1185 partes
812 1088 1029 1175 expostulante
1040 1090 1182 1167 Scevino,
1194 1088 1248 1174 qui
1256 1113 1315 1175 pu-

257 1174 380 1261 gionem
403 1174 519 1261 templo
543 1175 659 1239 Salutis
682 1176 727 1254 (ru
744 1175 901 1258 Etruria),
924 1174 998 1251 sive,
1017 1187 1055 1237 ut
1075 1174 1127 1237 alii
1148 1170 1313 1250 tradidere,

258 1262 408 1325 Fortunae
430 1260 598 1329 Ferentino
619 1259 649 1321 in
665 1259 793 1345 oppido,
816 1259 1006 1336 detraxerat,
1028 1259 1229 1344 gestabatque
1250 1258 1317 1321 vel-

257 1438 415 1492 deriovetsriz
436 1447 513 1484 nvnr.
532 1444 648 1483 cenem.
662 1442 685 1481 et
699 1433 771 1481 biduo
802 1432 946 1480 referendum
955 1433 992 1479 sit.
1020 1432 1107 1479 Saltem
1116 1433 1198 1480 modus
1205 1434 1317 1497 loquendi

256 1512 310 1551 ante
322 1515 392 1552 uvnr
405 1515 436 1549 ru
449 1512 542 1547 crnco.
554 1498 619 1547 Infra
629 1506 720 1569 nostep:
733 1504 771 1543 at·
803 1497 842 1543 vix
853 1497 902 1558 pati
913 1496 1009 1545 ridetur.
1042 1496 1245 1559 Dixissetopinorr
1258 1506 1317 1545 tem-

257 1582 302 1629 que
322 1566 461 1613 circensium
484 1564 616 1611 Cerealium
644 1562 771 1618 ludicrum,
799 1562 1015 1621 plob'aiatiuau.
1032 1563 1316 1618 a.t.Fortaaoe,Ferea.

149 1624 164 1641 ⁵
253 1630 363 1692 pluribus
373 1644 484 1690 equorum
496 1629 600 1673 eiirribar
609 1626 769 1673 celebraretur.
802 1632 857 1671 tana
875 1626 902 1670 ia
919 1627 1023 1671 Etruria
1041 1626 1132 1685 oppida.
1165 1625 1191 1672 Si
1209 1640 1275 1687 porro
1291 1629 1318 1671 iu

256 1694 305 1743 Dio
317 1695 357 1752 47,
372 1696 410 1739 te.
427 1692 487 1739 inter
502 1690 606 1754 prodigia
621 1689 697 1745 refert,
709 1689 773 1752 quad
804 1690 907 1735 Etruria
917 1689 1009 1752 proprie
1019 1688 1049 1740 ad
1059 1688 1147 1735 Salutis
1157 1688 1269 1750 templum
1279 1705 1318 1737 re-

244 1758 347 1805 'AEdiler
360 1758 449 1815 Cereri,
462 1758 509 1801 loca
522 1755 662 1801 circensium
671 1759 694 1799 et
704 1768 771 1813 eque·
803 1752 883 1810 fertur,
895 1762 923 1799 ut
938 1752 1027 1800 videtur
1038 1752 1135 1799 voluisse
1147 1752 1266 1809 Heinsius,
1276 1753 1318 1816 qui

257 1818 773 1879 atriumiiaiaramgladiatorierexhibuerint.
804 1816 828 1862 in
844 1816 948 1877 margine
970 1816 1064 1863 Morell.
1086 1816 1161 1863 verbis
1180 1818 1271 1863 Feretri.
1290 1820 1317 1862 iu

258 1881 370 1933 Ovidium
379 1883 437 1931 adde
448 1884 511 1929 Fast.
522 1883 546 1938 i,
558 1882 613 1929 389.
624 1896 659 1945 sq.
669 1889 692 1928 et
702 1895 773 1927 uum·
804 1882 888 1941 oppido
898 1879 1016 1941 adscripsit
1031 1882 1058 1925 ia
1074 1882 1179 1927 miratae
1197 1880 1265 1927 nitriis
1280 1880 1319 1928 in-

257 1962 325 2005 mum
335 1956 451 1995 veteremi
466 1957 604 1993 narrares
616 1957 679 1993 aen.
691 1957 771 1991 cnnr-
804 1944 897 1991 definite
906 1945 971 1991 loeus
981 1944 1063 2006 templi
1072 1953 1096 1991 et
1105 1952 1184 1991 eontra
1196 1953 1318 1991 eonsuetu-

258 2022 572 2059 anrarnrrrrvssnclr.
613 2008 684 2067 Quod
696 2008 772 2055 Caesa·
804 2007 882 2054 dinem
903 2005 1010 2057 aomrate'
1028 2007 1175 2055 scribmtium
1196 2007 1316 2055 indicetur.

257 2076 312 2123 saris
328 2085 351 2122 et
363 2074 429 2122 Tulli
440 2089 488 2121 aevo
504 2074 597 2121 factum.
630 2071 692 2119 Vide
708 2072 772 2119 Poli-
805 2070 888 2133 Itaque
905 2080 994 2134 putem,
1008 2073 1035 2118 ire
1048 2074 1158 2120 Etruria·
1168 2086 1217 2118 esse
1234 2087 1247 2119 e
1263 2080 1321 2119 nota

257 2140 347 2187 timum
358 2134 466 2186 Miscelt.
484 2154 503 2184 c.
518 2138 557 2183 85.
600 2136 676 2183 lelna.
718 2135 775 2183 Ms·
804 2135 882 2181 uddiia
896 2135 970 2183 ierbis
985 2135 1079 2183 Fcreat.
1097 2135 1127 2181 iri
1139 2136 1228 2197 oppido,
1241 2136 1321 2199 qualis

259 2202 339 2251 aaut.
357 2202 393 2253 et.
410 2216 444 2263 pr.
463 2204 535 2257 dicia,
552 2200 620 2247 male.
654 2200 774 2247 Brotcrius
804 2197 845 2244 ills
864 2198 999 2259 Humana,
1018 2216 1072 2262 qua
1088 2207 1164 2261 postes
1183 2200 1207 2245 in
1224 2208 1319 2247 textum

162 2300 168 2309 .
256 2270 322 2324 bene,
335 2275 361 2313 ut
376 2266 464 2329 opinor,
482 2281 494 2312 e
509 2264 656 2311 Kaleudsriis
671 2263 772 2326 antiquis
803 2261 902 2324 irrepsit.
940 2264 1022 2327 Atque
1040 2264 1074 2310 sic
1090 2263 1190 2310 delinitio
1211 2264 1252 2309 illa
1271 2264 1320 2311 loci

257 2330 322 2377 docet
332 2330 394 2377 diem
405 2330 471 2385 XIX
481 2329 541 2391 Apr.
557 2327 742 2401 intelligendum,
753 2343 771 2374 s.
804 2324 933 2373 Ferentino
942 2328 967 2373 in
977 2327 1063 2392 oppido
1073 2328 1116 2375 erit
1121 2326 1249 2373 mantuanis
1257 2327 1320 2373 utri-

259 2392 326 2442 Xlll
340 2392 395 2440 Kal.
407 2393 466 2441 Mai.
479 2395 599 2452 Domoqae
610 2400 679 2439 etum
690 2391 726 2439 ed.
736 2406 770 2453 pr.
804 2404 858 2451 que,
868 2400 909 2438 aut
919 2392 1034 2454 templum
1042 2390 1128 2438 Salutis
1135 2390 1269 2437 &marma
1281 2390 1318 2436 in-

257 2468 284 2506 ut
299 2458 337 2506 Fl·
355 2457 410 2506 MS.
443 2457 514 2504 Eun.
547 2455 608 2504 But
626 2456 699 2503 demo.
734 2454 772 2503 De
803 2454 950 2516 telligeretur,
973 2456 1036 2518 quad
1058 2455 1179 2503 inruente
1200 2454 1318 2512 Quirinali

257 2531 357 2568 nummo
372 2537 392 2568 v.
405 2521 494 2569 Eelthel
509 2523 532 2568 in
549 2521 627 2568 Doctr.
641 2521 699 2567 NN.
716 2529 771 2568 vett.
803 2517 849 2564 tuit
859 2527 964 2566 votumu
979 2521 1054 2568 Janio
1067 2519 1174 2566 Bubulco
1190 2527 1214 2566 et
1228 2519 1318 2580 piatum

259 2585 304 2633 vol.
316 2591 337 2633 5.
351 2601 374 2648 p.
385 2587 443 2632 252.
802 2597 817 2627 a
827 2583 860 2640 Q.
871 2583 951 2630 Fabia.
983 2583 1013 2630 Id
1028 2584 1142 2645 templum
1158 2583 1246 2630 Salutis
1260 2583 1318 2630 eim-

265 2679 267 2684 ·
302 2651 404 2714 Graiium
426 2651 470 2704 Rr.
492 2649 609 2760 accideffl
653 2647 691 2694 Sic
713 2650 771 2695 bene
802 2646 891 2707 pliciter
907 2648 991 2695 centies
1005 2648 1068 2710 apud
1087 2646 1272 2703 reteresdieitur,
1290 2655 1318 2694 ut

258 2713 334 2760 Rhen.
360 2714 401 2774 (ex
420 2711 522 2773 ingenio)
605 2711 628 2758 d
642 2711 771 2774 superiores
802 2710 1078 2773 apudObsequentemc.
1093 2711 1318 2760 inmurmurat

256 2791 344 2830 omnes,
361 2775 414 2824 MS.
428 2775 506 2822 Gueli.
519 2777 554 2833 (et
569 2774 769 2836 Bud.)ac·ceiiear.
802 2774 884 2820 venus.
918 2775 981 2822 Nam
991 2791 1011 2822 c.
1022 2779 1062 2822 be.
1072 2775 1189 2823 inducitur
1203 2774 1317 2838 ipseSre-

256 2831 317 2888 Mori
331 2843 426 2902 iugem,
443 2839 506 2900 quod
520 2839 583 2887 idem
603 2840 628 2901 (e
638 2836 713 2898 Bud.)
730 2839 770 2886 de·
801 2837 870 2885 sinus
885 2837 970 2897 dicens,
984 2839 1109 2902 pugionem
1125 2839 1194 2885 illurn
1208 2839 1265 2886 olim
1280 2853 1319 2886 re-

254 2903 295 2951 dit
315 2903 370 2951 MS.
396 2902 475 2950 Gueli.
498 2903 533 2950 ed.
556 2918 591 2965 pr.
616 2911 695 2970 aeterra
717 2910 776 2953 ante,
801 2901 1047 2977 gionepetriaeultum
1059 2903 1135 2952 fuisse.
1167 2901 1239 2950 Enu-
1265 2903 1318 2951 Uu-

256 2968 332 3015 Rhen.
344 2969 431 3026 vigeas.
457 2967 529 3014 Etru.
564 2967 769 3028 Corporeiagem,
802 2965 859 3013 einis
874 2967 1012 3014 includenda
1027 2971 1053 3013 ia
1069 2968 1181 3025 Etruria,
1198 2965 1319 3030 quippee

257 3039 284 3078 ut
296 3031 328 3078 H.
343 3030 417 3089 nea.
428 3029 482 3092 Bip.
494 3030 569 3092 magis
579 3031 654 3093 placet
665 3031 752 3089 vigeas.
772 3051 775 3054 ⁴
801 3043 875 3092 marg.
891 3032 986 3078 intrusa.
1025 3035 1154 3080 Ferentino
1169 3029 1253 3078 recum
1270 3031 1319 3078 diei

292 3095 568 3160 thuirqaeaadeatia]
602 3093 682 3140 Lectio
695 3095 769 3142 aVa-
802 3093 899 3142 videmr.
915 3098 980 3167 rip.
991 3096 1127 3144 Strabonem
1138 3110 1232 3159 quoque
1241 3106 1319 3157 θεριν-

179 3203 182 3212 ,
255 3159 292 3206 tic.
315 3167 357 3205 est.
398 3157 490 3204 Parnes.
513 3159 617 3206 arrdaaiae
638 3159 768 3204 imiairrctr
801 3159 862 3204 risis.
896 3160 926 3206 In
936 3160 983 3207 line
992 3160 1035 3222 prb
1044 3163 1139 3221 regiam
1145 3160 1318 3222 patrialegen.

255 3230 360 3285 oonupte
374 3221 421 3268 triti
437 3221 499 3282 libri,
516 3223 649 3269 audivisset.
695 3222 769 3270 brus.
802 3218 1084 3285 tumrargsmparu.
1294 3237 1305 3244 “

255 3287 381 3334 Audeutioe
400 3285 470 3332 etism
492 3286 527 3332 ed.
550 3301 585 3348 pr.
610 3285 664 3332 MS.
683 3284 768 3333 -Gueli
833 3289 990 3350 Detraaerat]
1019 3287 1198 3336 Utdonatiein
1213 3286 1317 3349 templis,

255 3352 401 3408 audacimet
416 3348 467 3396 eid.
485 3357 538 3396 ante
552 3350 630 3397 Rhen.
643 3348 684 3410 qai
700 3348 770 3396 indu·
801 3364 854 3396 cum
883 3359 1051 3410 conmmntur,
1078 3354 1172 3414 reponi,
1196 3351 1237 3409 n'c,
1261 3365 1317 3398 cam

253 3414 297 3467 xit,
308 3414 383 3461 nescio
393 3427 472 3475 quare,
483 3414 617 3471 audivisset,
635 3411 689 3476 (ego
699 3411 770 3460 seiae
800 3413 944 3473 uniemutnr,
967 3416 1060 3462 aetram
1085 3417 1177 3480 proprie
1198 3414 1322 3462 dicuntum*

254 3476 330 3535 Bnd.)
347 3475 411 3540 quod
429 3485 543 3525 servatum
561 3486 595 3524 est
614 3477 644 3523 ad
661 3475 768 3538 [lipsium
801 3475 839 3523 Sic
857 3478 934 3540 plane,
952 3487 979 3526 ut
1000 3479 1063 3542 apud
1082 3490 1198 3536 noenum,
1217 3479 1316 3540 gladius

254 3555 334 3602 usque.
367 3541 438 3587 Eure.
801 3542 894 3588 delubra
920 3544 1036 3590 mirarem
1060 3559 1098 3606 ep.
1119 3545 1182 3591 Suet.
1213 3543 1263 3590 Vit.
1290 3547 1317 3590 8.

290 3605 385 3666 Templo
400 3605 490 3652 Salutis
508 3608 533 3650 ia
553 3605 668 3666 Etruria]
686 3603 768 3662 Quen·
800 3605 916 3653 Detracta
931 3609 1024 3668 templis
1041 3609 1101 3654 eoae
1115 3609 1172 3654 Ner.
1189 3607 1229 3654 32.
1264 3605 1326 3652 De-·

253 3675 304 3715 tum
322 3666 447 3729 intelligere
464 3669 538 3730 potui,
560 3669 591 3716 sic
612 3667 717 3731 plerique
731 3683 769 3714 ca-
800 3669 860 3716 achi
876 3670 946 3718 etiam
968 3671 1050 3733 clypei,
1072 3670 1184 3732 imagines
1205 3665 1316 3716 dicunurr

252 3732 329 3793 piunt,
341 3739 368 3779 ut
378 3731 474 3794 templo,
485 3731 534 3779 sive
543 3732 637 3791 Salutis,
653 3731 700 3779 sive
710 3731 768 3778 Far·
800 3747 916 3795 suspensa
941 3735 965 3780 iu
990 3733 1090 3796 templis,
1108 3742 1150 3780 aut
1170 3733 1241 3781 ardis
1259 3741 1315 3780 vete.

252 3805 315 3843 tuna
330 3794 399 3843 itterit
415 3794 439 3842 iu
455 3795 584 3843 Ferentino
599 3795 684 3858 oppido
695 3795 767 3842 Etru·
799 3796 873 3843 Eure.

252 3859 308 3906 riaet
327 3858 388 3906 unde
399 3857 521 3906 Cluverius
529 3859 621 3922 corrigit
631 3862 766 3917 Ferentino,
832 3862 985 3923 Gestabmque
1002 3861 1075 3921 uelud]
1110 3861 1251 3908 Gestabetne
1268 3875 1314 3924 pu-

250 3931 371 3986 utestap.
391 3922 487 3970 Sueten.
501 3923 558 3972 Otia
573 3923 667 3986 Lquod
683 3925 767 3983 probe·
797 3923 910 3984 gionen?
936 3941 982 3973 non
1005 3925 1026 3973 is
1047 3939 1097 3973 mos
1113 3925 1204 3984 Rome,
1230 3932 1253 3971 et
1272 3939 1316 3987 per

251 3988 292 4060 bat
308 3985 429 4049 Rycldur:
448 3986 532 4050 recepit
548 3987 673 4034 Broterius.
705 3986 766 4034 Ota-
797 3986 857 4061 hene
878 3989 1002 4036 vanitatem
1025 3990 1096 4037 horno
1116 4005 1140 4037 se
1159 3987 1236 4064 pelam
1253 3996 1315 4036 rete·

249 4049 614 4174 tlittbffltiistitt
623 4051 767 4163 miti:
797 4059 889 4176 itit.
907 4051 1259 4183 iii‘iffljli‘bbiff
1271 4067 1315 4163 ἒξ

249 4193 273 4239 P·
289 4179 345 4226 226.
361 4177 445 4224 diserte
460 4179 584 4238 Φιριντανὸν
600 4177 700 4226 Etruriae
716 4192 765 4225 me·
795 4179 848 4226 tate
881 4178 956 4228 IrtPs.
988 4184 1098 4228 Jaciabat
1113 4182 1188 4243 placei
1203 4179 1310 4226 fluum.

249 4239 330 4288 morat.
366 4240 412 4288 Sed
422 4237 521 4288 dubium
537 4255 584 4288 esse
600 4249 682 4306 potest,
697 4256 726 4288 an
738 4244 764 4287 ia
796 4242 868 4290 litu.
899 4244 955 4308 Bip.
969 4239 1077 4303 reddunt,
1093 4247 1193 4303 enabat,
1208 4241 1312 4291 maxime

249 4303 597 4368 Etruriaetiamedoppidam
610 4305 764 4352 Ferentinum
796 4306 891 4358 calebat.
1138 4303 1141 4308 ’
