3042 4950
242 250 278 307 sa
659 213 900 312 Ausonum
1129 252 1175 322 [ι.
1185 267 1215 306 υ.
1229 250 1296 306 sos.

238 408 398 475 turionum
427 408 705 500 Tribunorumque
729 428 842 479 sortem
869 411 1039 478 Britannici
1062 410 1295 486 miserabantur,

238 494 349 558 remoti
363 494 441 559 fictis
455 496 579 575 caussis,
600 511 633 561 et
653 497 704 562 alii
721 522 777 585 per
790 500 922 585 speciem
936 496 1077 562 honoris:
1100 494 1196 559 etiam
1205 493 1297 557 liber-

239 585 343 642 torum
357 578 382 643 si
396 580 466 665 quis
477 580 662 669 incorrupta
680 581 753 660 lide,
771 582 945 668 depellitur,
959 582 1014 645 tali
1027 579 1190 644 occasione.
1228 578 1296 642 Ob·

239 661 281 725 vii
294 662 375 727 inter
389 685 432 741 se,
455 664 543 729 Nero
559 666 784 730 Britannicam
796 666 931 745 nomine,
947 665 999 729 ille
1012 666 1201 743 Domitiam,
1215 662 1296 727 salu-

238 756 363 811 tavere,
396 748 500 827 Quod,
512 762 548 814 ut
562 750 723 813 discordiae
730 749 866 830 initium,
879 749 961 835 Agri
983 749 1057 835 pina
1069 748 1168 813 multo
1181 760 1293 835 questu

237 830 279 895 ad
294 832 439 896 maritum
454 833 570 899 defert:
596 842 616 873 “
630 833 755 919 sperni”
769 835 887 921 quippe
901 844 923 875 “
937 772 1146 920 adoptionem,
1160 855 1294 920 quasque

236 917 411 981 censuerint
430 919 549 995 Patres,
563 918 689 1004 jusserit
710 920 862 1004 Populus,
883 919 965 983 intra
978 921 1110 983 Penates
1130 917 1291 1002 abrogari:

235 1022 282 1078 ac,
297 1000 354 1064 nisi
368 1001 505 1086 pravitas
523 1017 587 1066 tam
601 1002 720 1067 infenso
739 1004 915 1067 docentium
933 1017 1084 1080 arceatur,
1098 1016 1247 1089 eruptura
1260 1002 1293 1064 in

235 1084 392 1168 publicam
406 1086 599 1171 perniciem?
630 1090 813 1151 Commotus
826 1089 884 1165 his,
918 1089 984 1152 uasi
998 1086 1188 1164 criminibus,
1198 1085 1292 1150 Clau·

235 1168 316 1244 dius,
331 1168 484 1255 optimum
499 1194 655 1257 quemque
668 1172 865 1237 educatorem
878 1112 934 1235 dli
946 1172 1055 1237 exsilio
1068 1195 1103 1235 ac
1123 1185 1222 1234 morte
1235 1170 1290 1233 ad·
1363 1166 1368 1177 ’

234 1252 308 1329 ficit,
323 1253 474 1339 datosque
488 1278 507 1317 a
521 1278 651 1320 noverca
665 1257 814 1321 custodiae
826 1258 894 1343 ejus
907 1256 1048 1343 imponit
1206 1311 1210 1319 .

278 1338 396 1402 XLII.
420 1340 573 1403 Nondum
587 1359 690 1404 tamen
704 1363 825 1405 summa
838 1341 938 1404 moliri
955 1340 1056 1427 Agrip
1078 1339 1130 1404 ina
1143 1338 1288 1415 audebat,

233 1421 266 1483 ni
281 1423 501 1487 Proetoriarum
524 1424 696 1489 cohortium
715 1446 791 1489 cura
809 1424 1040 1489 exsolverentur
1090 1424 1177 1487 usius
1193 1423 1289 1499 Geta,

233 1518 264 1569 et
279 1506 394 1573 Rufius
410 1507 590 1593 Crispinus;
614 1532 692 1596 quos
702 1509 891 1573 Messallinae
905 1531 1054 1573 memores
1066 1522 1098 1571 et
1104 1508 1207 1571 liberis
1220 1508 1288 1589 ejus

232 1590 391 1656 devinctos
400 1591 552 1657 credebat.
577 1593 689 1679 Igitur,
700 1600 721 1632 “
729 1593 860 1658 distrahi
868 1594 1008 1657 cobortes
1017 1593 1136 1656 ambitu
1144 1592 1289 1667 duorum,

270 1796 323 1845 Tati
336 1798 452 1843 occasione
463 1795 534 1857 obuii]
550 1797 612 1856 Qum
621 1798 671 1846 haec
680 1814 745 1847 occa-
777 1787 903 1846 Ncrmtem.
937 1797 1019 1860 Atque
1034 1797 1068 1844 sic
1080 1796 1150 1845 etiam
1167 1796 1192 1843 in
1209 1792 1288 1842 celeus

230 1858 284 1905 aio?
313 1859 367 1905 Non
377 1860 438 1907 enim
449 1862 580 1923 pressurita
598 1876 640 1909 nec
656 1862 686 1909 sd
700 1864 744 1911 cir·
776 1861 841 1921 locis,
856 1876 910 1924 quae
920 1861 996 1909 afferri
1006 1861 1087 1920 solent,
1099 1861 1125 1906 vl
1138 1857 1288 1920 quociexpli-

231 1936 310 1969 ccnsss
324 1922 395 1969 velim
410 1924 494 1971 referri.
527 1924 563 1971 At
577 1934 603 1973 tu
620 1924 744 1987 distingue,
768 1925 823 1973 *cari
836 1939 904 1988 posse
916 1926 1021 1982 arbitror,
1033 1938 1076 1971 nec
1087 1937 1178 1970 neom
1188 1937 1246 1978 esse,
1260 1927 1288 1968 at

234 1987 317 2032 Etiam
328 1986 463 2033 libertorum
474 1988 745 2051 siqnisincorroptoflde
776 2002 820 2051 pro
839 1988 952 2049 mjscdvo
969 1990 1043 2049 stetur
1065 1986 1167 2049 positum
1187 1991 1287 2049 putetur.

232 2050 363 2110 depellitur,
382 2052 425 2097 toli
438 2052 560 2097 occasione.
595 2052 664 2099 otoo
684 2054 745 2099 inter
776 2052 849 2100 Eam.

232 2127 264 2168 re,
276 2120 319 2159 etc.
341 2113 485 2161 Removutdi
495 2114 555 2161 enirn
568 2115 683 2163 ministms
693 2115 745 2165 fidi·
811 2114 936 2179 Claudiur]
953 2116 1088 2177 Suspectam
1103 2113 1175 2174 hujus
1187 2112 1287 2160 nominis

231 2190 281 2223 oras
291 2176 385 2233 occasio,
395 2184 488 2225 natsex
498 2176 620 2239 h0c,quod
631 2179 744 2239 denarrat,
776 2178 970 2241 interpositionem
987 2178 1074 2225 iaciunt
1091 2177 1153 2233 libri,
1170 2192 1186 2223 a
1201 2176 1287 2239 quibus

231 2237 299 2285 facto.
316 2238 391 2286 ers.
776 2242 846 2305 plane
862 2244 927 2289 abest
943 2242 1017 2289 MSS.
1035 2241 1098 2288 Flor.
1110 2241 1170 2303 ch.
1185 2240 1248 2301 ngr..
1263 2246 1288 2286 ct

263 2304 368 2350 Josrcrit
382 2305 496 2367 popolus]
519 2304 611 2366 Rogata
627 2305 689 2353 enim
706 2306 745 2353 lex
776 2306 837 2365 eliis,
848 2304 884 2353 erl.
899 2322 934 2367 pr.
950 2305 1044 2353 Primus
1058 2304 1208 2361 Puteolanus,
1222 2302 1286 2365 quod

230 2366 284 2424 init,
313 2382 343 2413 ua
353 2366 377 2413 in
393 2366 505 2415 familiam
521 2367 653 2427 Claudiam,
665 2378 688 2417 et
701 2384 743 2417 no·
776 2369 856 2427 suarm
873 2368 962 2415 addidit
980 2369 1103 2424 conotus,
1122 2382 1192 2429 quem
1206 2380 1286 2413 omnes

232 2444 294 2478 men*
325 2430 399 2478 erouis
412 2430 524 2490 narsico,
539 2440 566 2479 ut
578 2432 611 2480 sit
624 2446 694 2495 supra
705 2434 744 2482 26.
775 2432 1001 2494 posteasscutisunt.
1017 2432 1071 2480 Jsc.
1081 2429 1235 2494 (ironigitm
1242 2446 1286 2493 pu·

233 2495 309 2542 lires.
775 2497 839 2544 tabat
849 2497 972 2546 delardum
986 2495 1011 2543 id
1021 2510 1113 2554 nomen,
1130 2494 1285 2542 referendum-

246 2561 378 2632 -i'rovitos
390 2565 438 2633 tum
444 2560 539 2633 insensa
550 2560 692 2633 docentium]
706 2561 744 2609 Ita
774 2559 1095 2635 queverbumoommotmtl
1105 2561 1213 2632 murder.
1239 2559 1286 2606 Sed

230 2637 325 2732 iiii}
341 2623 494 2734 imit?
508 2632 744 2736 ωιΐῃῖῗὲἓίἳέἑέῗ
774 2621 1285 2737 summittebantur&

231 2751 310 2811 prisce
329 2748 434 2796 editionis
454 2749 526 2796 codex
547 2757 570 2796 et
585 2750 644 2812 Agr.
677 2753 742 2798 Pro·
774 2749 936 2807 riummaaut
945 2764 1071 2812 pronomen
1081 2751 1110 2807 ir,
1122 2748 1214 2796 vostre.
1235 2748 1284 2810 lgi-

232 2815 293 2876 vitas
311 2819 359 2860 tam
372 2815 483 2874 insperso,
499 2812 599 2876 praesert,
616 2814 679 2874 quod
692 2829 742 2862 ma·
774 2821 822 2869 tur,
836 2814 881 2862 nisi
895 2814 991 2862 'l'acitus
1003 2813 1092 2875 scripsit
1106 2815 1242 2862 Commotus
1255 2814 1284 2872 ir,

230 2877 265 2938 gis
284 2877 401 2939 approbas
428 2876 454 2924 id
474 2885 516 2930 eet,
538 2876 638 2939 grandis,
658 2879 742 2925 immo·
774 2879 841 2936 quari
863 2893 897 2924 cr.
919 2884 962 2924 aut
983 2879 1023 2923 ille
1043 2884 1169 2924 mmmotur
1189 2877 1227 2923 so
1242 2887 1286 2924 etc.

230 2941 301 2988 desta
325 2941 401 2988 hirs.
429 2939 543 3002 Intelligit
560 2939 742 3004 editionempri-
774 2940 867 2988 Claudii
883 2954 967 2988 nomen
983 2943 1062 2990 abesse
1078 2954 1125 2988 non
1141 2945 1223 3002 potest
1255 2939 1286 2988 Id

229 3018 302 3062 mam,
315 3019 387 3066 quam
400 3017 479 3052 vocare
491 3003 559 3052 soleo
592 3003 637 3051 Sed
651 3006 742 3067 insensa
772 3003 831 3050 dnm
847 3004 934 3052 idoneis
950 3004 1015 3052 libris
1030 3003 1133 3062 docctm,
1147 3005 1246 3050 manebo
1259 3004 1285 3050 in

231 3081 310 3114 verum
322 3083 378 3126 esse,
391 3075 511 3114 contextus
525 3066 591 3116 facile
602 3067 687 3115 vmcitr
705 3083 741 3116 ar·
772 3067 869 3116 lectione
878 3068 981 3128 vulgata,
993 3083 1046 3130 que
1057 3076 1080 3114 et
1089 3066 1149 3128 ipss,
1157 3075 1185 3114 ut
1193 3067 1285 3130 opinor,

229 3131 274 3178 ceri
285 3132 336 3179 vult
347 3130 451 3178 homiues
463 3145 552 3193 pravos,
572 3131 614 3193 qui
625 3131 741 3180 infensum
773 3146 786 3178 e
799 3130 863 3179 libris
875 3131 964 3193 scriptis
977 3131 1046 3179 ducta
1060 3139 1101 3177 est.
1133 3131 1219 3192 Repeti
1230 3147 1247 3193 q
1265 3131 1283 3171 '-

228 3193 297 3242 illum
313 3195 426 3252 animum,
444 3205 467 3242 et
483 3194 571 3242 infensa
592 3193 653 3242 dicta
669 3195 741 3256 inspi·
773 3193 827 3242 dem
840 3194 889 3258 ipse
900 3195 925 3241 in
942 3195 1020 3242 (iucif.
1043 3193 1100 3241 MS.
1118 3194 1190 3241 Eun.
1218 3194 1282 3242 Bud.

228 3266 305 3306 tarent
326 3256 467 3306 Britannico.
498 3257 570 3306 Ess-
613 3257 677 3306 Bud.
704 3262 741 3306 in·
771 3257 842 3306 babet
859 3259 991 3314 Claudiam
1007 3260 1079 3306 benc:
1098 3257 1283 3320 quodetlibeu.

240 3337 301 3368 coro.
772 3337 801 3368 cx
818 3331 889 3370 rent.
1125 3357 1128 3361 ›

222 3322 246 3384 s
260 3387 398 3449 Eroptmo]
417 3385 474 3434 God.
485 3387 546 3449 Agr.
557 3392 702 3448 erupturum.
785 3406 787 3408 ·
802 3338 905 3450 buflos]
922 3385 960 3434 Sic
969 3393 1028 3432 recte
1038 3401 1052 3432 e
1061 3384 1212 3433 ciniflones
1222 3386 1282 3447 Reg.

166 3456 177 3486 .·
261 3450 336 3504 Quasi
360 3451 510 3524 criminibus]
534 3449 638 3499 Freinsh.
662 3465 739 3514 suspe-
770 3449 990 3512 restituitliyckius,
1000 3447 1283 3497 ordinatissimo

226 3522 295 3561 ctam·
310 3513 355 3562 sibi
377 3513 436 3561 hauc
457 3514 578 3562 lectionem
600 3513 684 3560 factam
707 3515 740 3562 ait
770 3526 855 3560 nomen
870 3513 1001 3562 restitutum
1017 3522 1052 3561 est
1065 3529 1104 3574 ap.
1118 3512 1212 3560 Suetou.
1226 3513 1283 3560 Ner.

324 3576 739 3702 siri<
770 3576 1281 3702 amunte

225 3705 310 3754 falsum
332 3713 374 3752 est·
414 3705 478 3752 Nam
500 3711 626 3766 tanquam,
643 3712 671 3752 ut
689 3704 739 3752 cod.
762 3704 810 3765 sur
819 3702 844 3750 h.
854 3703 931 3751 loliis
942 3703 1282 3765 modoRafriur,modoRufi

227 3769 304 3818 Oxou.
323 3767 403 3818 ouem
424 3768 524 3816 exhibet
557 3767 644 3816 Cetera
659 3783 739 3818 omnes
761 3767 826 3829 sur,-
842 3767 1080 3830 querarietasetiam
1095 3783 1133 3830 ap.
1143 3767 1280 3816 Suetonium

227 3833 263 3896 (et
277 3831 359 3892 Bud.)¹
376 3834 450 3893 quoti.
488 3833 562 3888 Quasi
578 3833 679 3878 ommino
694 3847 739 3894 pu·
770 3831 875 3879 ocnirrit.
912 3831 1000 3879 cetere
1022 3830 1073 3878 cdd
1092 3845 1172 3880 omnes
1192 3832 1280 3894 Rufio.

226 3905 284 3956 tant,
301 3897 368 3944 lictae
391 3895 454 3958 qnod
470 3909 543 3956 genus
559 3895 668 3956 loquendi
683 3895 738 3949 illu·
770 3894 831 3942 Mox
852 3895 933 3942 cadem
955 3895 992 3942 ed·
1009 3910 1044 3956 pr.
1065 3897 1163 3942 Burrus
1181 3904 1208 3942 ut
1229 3895 1279 3942 cod.

226 3969 283 4010 strat
293 3960 377 4008 Burm.
388 3959 419 4006 ad
429 3958 501 4006 Ovid.
512 3958 566 4006 Art.
577 3957 635 4006 Am.
647 3960 670 4014 1,
682 3961 737 4008 429.
770 3957 833 4006 Flor.
847 3966 870 4005 et
883 3959 950 4023 inser.
960 3967 1014 4007 vett.
1027 3967 1051 4006 et
1063 3957 1088 4004 in
1100 3959 1152 4006 aliis
1165 3958 1279 4020 scriptori-
1315 3958 1318 3962 “

226 4023 420 4085 Sedmibiprope
430 4021 738 4080 meliusvidctur,sicintcl·
769 4023 812 4070 bus
830 4022 884 4070 libri
898 4023 967 4080 boni3
983 4037 1030 4070 non
1044 4023 1164 4070 Barrbur.
1196 4022 1209 4069 1
1249 4037 1280 4070 ue

224 4089 301 4150 ligere.
341 4087 388 4138 His
409 4100 455 4134 nou
471 4085 537 4134 aliter
555 4093 683 4134 commotus
704 4096 739 4134 est
768 4085 832 4134 illam
851 4086 987 4147 scripturam
1003 4094 1095 4134 secutus
1114 4100 1174 4132 sum.
1209 4086 1234 4133 A

226 4151 347 4212 Claudius,
360 4165 432 4214 qoam
446 4150 464 4196 si
478 4149 575 4196 crimina
587 4163 640 4196 vera
653 4158 737 4208 essem,
770 4148 923 4198 castalionem
930 4150 989 4198 Obs
997 4150 1114 4204 ΗΜΘ.
1126 4150 1195 4196 Eun.
1215 4149 1272 4196 Bud

225 4215 287 4278 quod
298 4215 428 4278 Agrippina
440 4214 538 4272 tbxsrat,
553 4212 655 4274 impulsu
669 4213 737 4260 liber-
769 4214 869 4275 Rofflus.
906 4213 1014 4262 Decor.
1025 4222 1049 4260 ct
1061 4215 1098 4268 13,
1109 4213 1148 4259 ts.

225 4287 301 4327 torum
312 4295 326 4326 a
339 4277 473 4328 Britannico
483 4279 619 4326 Domitium
631 4285 736 4324 vocatum
