3042 4950
247 295 278 338 r.
293 296 320 340 c.
334 284 398 356 en]
600 280 675 339 nm.
694 280 781 340 run.
803 280 889 340 cnr.
904 284 952 345 57.
1266 284 1320 339 ree

250 444 354 529 Igitur
375 443 595 507 absistentibus
617 440 677 520 his,
788 456 874 506 metu
897 443 1035 506 exterriti
1051 444 1205 521 Bructeri,
1217 442 1253 505 'et
1271 464 1322 505 ee-

251 528 325 592 teris
337 550 464 614 quoque
477 526 577 589 aliena
589 464 991 613 mucuffiefemenubus‚
1003 525 1068 590 sola
1083 526 1321 591 Ansibariorum

250 634 327 696 gens
341 626 425 675 retro
446 610 487 674 ad
505 610 633 697 Usipios
650 625 682 674 et
700 612 867 676 Tubantes
887 610 1054 675 concessit:
1078 634 1214 696 quorum
1233 610 1322 675 terris

250 696 363 773 exacti,
384 718 457 759 cum
478 699 598 774 Cattos,
620 694 692 758 dein
713 696 889 761 Cheruscos
910 694 1070 783 petissent,
1093 717 1196 759 errore
1218 693 1330 781 longo,

251 779 400 866 hospites,
419 803 437 843 e
476 781 520 857 ni,
543 781 656 858 hostes,
676 780 716 843 in‘
728 781 840 860 alieno,
860 778 947 867 quod
962 778 1138 867 juventutis
1160 791 1238 856 erut,
1261 802 1321 844 οω-

158 937 162 942 ,
251 863 389 929 duntur:
412 865 443 927 in
484 865 533 929 llis
547 876 622 929 aetas
636 865 668 927 in
682 865 823 963 praedam
838 865 936 929 divisa
949 880 1004 930 eet.

296 949 410 1015 LVII.
425 950 548 1015 Eadem
556 962 672 1027 aesmte,
686 962 768 1013 inter
783 950 1025 1014 Hermunduros
1036 948 1209 1033 Cattosque
1221 960 1318 1011 certa·

259 1049 327 1097 tum
342 1056 458 1120 magno
471 1033 593 1122 proelio,
611 1035 689 1097 dum
707 1034 837 1110 flumen,
880 1034 1015 1121 'gnendo
1029 1033 1091 1098 eale
1105 1031 1275 1097 fecundum
1289 1044 1322 1095 et

252 1118 685 1197 nonterminum,vitrahunt;
696 1140 791 1202 super
800 1057 960 1183 libidinem
970 1130 1084 1184 cuncta
1093 1116 1320 1203 armis-agendi,

251 1202 399 1287 religione
411 1203 514 1280 insita,
530 1210 552 1240 ‘⁶
569 1225 620 1265 eoa
634 1201 771 1265 maxime
784 1202 867 1266 locos
875 1204 1086 1289 propinquare
1095 1200 1186 1279 eoelo,
1199 1224 1318 1288 prenes-

252 1309 315 1369 que
328 1286 505 1350 mortalium
520 1310 540 1350 a
554 1286 631 1350 Deis
645 1308 802 1372 nusquam
838 1288 945 1373 ropius
963 1286 1085 1351 audiri:
1109 1285 1193 1363 inde,
1212 1284 1318 1348 indul·

251 1371 358 1454 gentia
371 1372 560 1449 Numinum,
582 1370 636 1435 illo
650 1370 682 1433 in
697 1393 788 1435 amne
803 1310 924 1463 iiiisque
939 1370 1022 1435 silvis
1038 1369 1133 1435 selem
1146 1370 1321 1455 provenire,

252 1475 326 1532 non,
346 1468 383 1520 ut
401 1456 475 1520 alias
494 1455 581 1544 apud
601 1467 720 1540 gentes,
743 1455 844 1520 eluvie
862 1456 955 1520 maris
972 1468 1126 1519 arescente
1149 1452 1245 1532 unda,
1268 1454 1322 1517 sed

285 1724 469 1786 naamatites]
498 1685 536 1770 ru
557 1724 634 1771 Rhea.
656 1738 686 1771 ex
707 1723 772 1772 Bud.
837 1700 1197 1785 Damnumeegtgneutosun]
1215 1721 1323 1771 Nonab·

252 1788 416 1834 mittentibus:
438 1787 502 1849 prius
515 1787 635 1849 legebatur
644 1789 773 1835 mittenti·
804 1787 883 1837 horret
897 1797 957 1835 certe
972 1802 987 1835 a
1003 1787 1056 1845 tide,
1073 1794 1101 1833 ut
1115 1784 1160 1833 hoe
1169 1785 1257 1835 flumen
1267 1786 1322 1835 Sale

252 1852 304 1896 bus.
337 1848 375 1897 Cf.
387 1852 412 1908 2,
423 1851 466 1907 31,
476 1852 516 1898 34.
534 1852 568 1898 Η.
581 1852 607 1908 3,
620 1851 744 1910 tutat.
805 1851 896 1899 irretiti
922 1860 1058 1913 argumento
1079 1850 1115 1897 vel
1141 1848 1242 1897 nominis
1263 1849 1321 1913 ipro.

288 1914 352 1960 Pari
367 1921 431 1962 meta
446 1917 555 1963 extentes·
566 1917 689 1974 Bructeri,
700 1922 723 1962 et
737 1930 773 1962 ee·
806 1915 907 1965 Flumen
923 1914 1007 1974 nobile,
1029 1912 1088 1961 mihi
1107 1926 1196 1971 aarum,
1213 1912 1322 1961 domicilii

253 1979 324 2040 teria]
337 1977 487 2038 Fior.leotio,
504 1987 528 2027 et
542 1979 578 2027 ed.
591 1992 627 2040 pr.
640 1979 728 2027 Cetera
740 1985 775 2033 (et
805 1979 862 2027 olim
878 1994 966 2035 nauum
982 1988 1005 2027 et
1021 1977 1124 2025 Andreae
1136 1976 1257 2039 Ellingeri.
1273 1992 1323 2026 me·

254 2040 331 2101 Bud)
348 2044 470 2089 eeterritir
488 2045 622 2101 diruetur-ir,
643 2050 666 2090 et
684 2045 774 2091 ceteris.
805 2042 850 2091 diei
872 2042 983 2105 pdmerii,
1000 2042 1066 2103 eujus
1087 2040 1144 2088 fldea
1165 2048 1189 2087 et
1210 2040 1321 2098 dormitu,

250 2099 318 2151 irrox
328 2106 654 2165 quoqumeutaMSAEud
684 2106 756 2154 Eure.
805 2106 1036 2167 megnarnihidum
1047 2105 1130 2153 vivam.
1159 2104 1233 2151 Mra.
1259 2104 1321 2153 Mox

288 2168 399 2214 Pericula
405 2170 570 2231 dementibus]
579 2168 634 2216 MS.
642 2169 703 2217 Flor.
709 2170 772 2216 Bud
806 2170 925 2217 libidinem
936 2177 970 2216 est
983 2168 1085 2217 aRhen.
1102 2168 1227 2230 superiores
1242 2182 1322 2217 omnes

146 2266 151 2273 .
256 2231 335 2277 Gueli.
346 2231 383 2279 ed.
399 2248 434 2295 pr.
451 2233 641 2295 defindenttbw
659 2231 722 2295 quod
737 2233 774 2279 in-
806 2234 907 2279 interne.
936 2232 1180 2281 Illudtamenverum
1191 2239 1233 2279 eet.
1260 2232 1322 2281 Mox

255 2303 392 2357 terpretatur
412 2297 438 2344 J,
461 2296 534 2344 (iton.
553 2312 568 2342 a
590 2312 614 2344 re
632 2299 773 2357 arcentibus,
807 2296 885 2344 Gueli'.
904 2299 938 2356 ui,
959 2299 1039 2343 annia.
1073 2296 1146 2343 Elin.
1186 2295 1276 2342 Ecaard
1294 2296 1324 2345 de

256 2360 353 2421 uritque
362 2360 456 2419 servari,
473 2375 527 2407 cum
537 2361 586 2435 ipre
595 2360 683 2408 interea
693 2360 774 2423 vulga-
807 2360 874 2423 orig.
891 2361 971 2409 Germ.
987 2364 1012 2419 2,
1029 2361 1068 2407 35.
1102 2358 1181 2407 Salam
1197 2358 1323 2409 Frentrani-

257 2430 308 2469 tum
327 2432 409 2471 terrem.
442 2426 488 2479 Ac,
509 2425 554 2471 niu
574 2426 650 2472 aliena
665 2426 775 2487 pericula
806 2438 860 2471 curn
880 2425 919 2474 hia
940 2424 1055 2489 designari
1076 2423 1149 2483 docet,
1175 2423 1213 2471 rui
1235 2423 1323 2486 adjacet

254 2488 375 2547 intendere
386 2489 574 2536 eeonsuetudine
584 2489 668 2536 lntine
678 2489 775 2552 loquen-
807 2488 926 2553 Kiseinga,
943 2505 1014 2552 prope
1030 2504 1102 2552 quarn
1115 2487 1191 2536 adhuc
1207 2489 1241 2536 eal
1257 2504 1323 2538 exuo-

255 2551 314 2596 tium
325 2560 392 2611 earet,
404 2551 481 2613 potius
495 2553 596 2614 pericula
609 2554 641 2600 ab
655 2553 707 2600 aliia
720 2567 775 2615 pro·
806 2553 893 2614 quitur.
936 2553 973 2602 Cf.
994 2552 1126 2600 Thoeldeuii
1143 2551 1279 2614 holograph.
1298 2569 1323 2616 p.

198 2622 202 2633 '
256 2613 357 2675 puluere,
369 2630 440 2677 quarn
451 2616 638 2664 oommunionem
652 2617 774 2678 alieuipe-
809 2616 861 2670 177.
894 2617 933 2664 De
951 2617 1030 2664 salinis
1048 2616 1097 2663 istie
1113 2615 1196 2662 iterum
1214 2624 1325 2665 rutatum

255 2676 411 2738 rieulivimre,
428 2693 478 2726 earn
495 2679 626 2736 lectionem,
641 2688 735 2743 propter
744 2680 774 2725 li.
805 2680 972 2730 tribuseeeeulie
980 2689 1040 2743 poet,
1047 2694 1121 2742 quum
1129 2679 1262 2741 Burgundii
1269 2679 1325 2728 Cat-

256 2743 352 2790 brorum
366 2744 533 2803 auemritatem,
552 2743 693 2806 reciperem:
711 2758 774 2792 nunc
804 2742 1324 2805 torum,AlamanniHermundurorumsedeu

257 2807 378 2867 nugatam
393 2807 480 2855 retineo
501 2816 524 2855 et
542 2807 600 2870 ipae,
614 2807 673 2854 dum
691 2807 775 2856 melius
805 2817 961 2871 occupassent
993 2808 1115 2856 Ammien.
1127 2807 1202 2854 Marc.
1214 2809 1255 2868 28,
1267 2811 1291 2855 b.

257 2869 314 2932 quid
332 2871 473 2932 reperieturg
499 2886 573 2935 quum
590 2871 676 2920 interea
692 2871 773 2929 fatear,
839 2874 917 2920 Salem
932 2874 1071 2936 pumenire]
1090 2871 1143 2920 dau.
1162 2870 1263 2918 Gronov.
1281 2887 1323 2920 no-

257 2937 399 2994 menesu're,
416 2951 446 2983 an
462 2935 532 2984 dueta
545 2936 576 2982 rit
588 2935 671 2984 eiibro
681 2935 773 2998 κάμω.
806 2945 841 2984 tat
855 2941 872 2985 e'
884 2937 939 2986 MS.
952 2937 1015 2984 Flor.
1028 2940 1101 2984 treme
1119 2947 1142 2982 et
1157 2935 1227 2997 plane
1242 2951 1274 2984 ae
1290 2945 1324 2985 eet

256 2997 320 3044 Eam
337 2999 427 3061 primur
440 3000 536 3047 induxit
552 2999 686 3053 Rhenanus,
705 2999 775 3047 norri-
805 3000 829 3047 in
842 3001 894 3049 MS.
907 3001 985 3050 Guelt'.
1001 3009 1024 3048 et
1038 3001 1075 3048 ed.
1091 3015 1128 3062 pr.
1162 3001 1241 3048 Salem
1256 3001 1325 3049 ceteri

255 3063 444 3122 geueleetiouem
459 3065 604 3126 superiorum
617 3063 669 3111 edd
684 3063 710 3110 in
722 3063 775 3126 qui·
806 3078 893 3112 omnes.
934 3065 996 3112 Mox
1014 3064 1076 3112 idem
1096 3063 1175 3111 uuett
1196 3067 1230 3121 (et
1248 3063 1325 3128 Bud.)

257 3127 302 3172 bus
315 3135 364 3174 erat
374 3128 527 3189 destruentibus
538 3131 606 3191 (nam
616 3127 649 3174 uie
659 3127 728 3175 estin
738 3127 777 3175 ed.
806 3136 919 3188 arentem,
935 3129 1003 3182 male.
1037 3129 1110 3176 unu.
1142 3128 1167 3174 A
1183 3127 1248 3176 Bud.
1260 3131 1325 3178 abeat

259 3189 350 3236 Puteal.
365 3190 421 3238 Ber.
434 3192 487 3240 Ale.
505 3206 550 3239 non
568 3193 731 3250 meneuttbm,
749 3200 777 3238 ut
807 3195 895 3240 raam.-
915 3195 938 3242 2.
950 3193 1153 3254 medicantium.

257 3253 283 3301 J.
298 3254 429 3302 Gronovius
444 3271 458 3303 e
472 3255 611 3304 Beroaidim
626 3253 777 3316 iaudat)eive
840 3259 928 3304 Eiuvie
948 3258 1025 3304 marie
1041 3263 1157 3304 arescente
1178 3257 1251 3314 unda,
1273 3257 1324 3322 red]

258 3316 342 3364 vinum
361 3333 484 3381 operarum
505 3319 530 3366 in
552 3319 590 3366 ed.
610 3319 700 3366 Puteal.
723 3319 776 3378 tur,
808 3319 918 3372 Muretus
928 3328 1051 3382 arescente,
1068 3322 1107 3370 red
1121 3322 1192 3368 unda.
1223 3321 1259 3367 At
1275 3321 1326 3384 ipra

258 3381 322 3491 {lund
338 3392 486 3444 sequerentur
502 3383 578 3442 ceoeri,
594 3383 642 3430 aive
656 3382 690 3430 ita
708 3382 748 3430 tue
764 3399 778 3431 e
808 3385 1048 3444 teramnanae.
1081 3386 1166 3434 Gantae
1178 3386 1325 3434 Gernsanioe-

290 3445 314 3492 S.
332 3445 413 3505 edidit,
432 3446 496 3510 quod
513 3446 587 3495 eredo.
620 3446 701 3494 Etiam
716 3446 778 3495 infra
808 3463 851 3510 que
861 3449 995 3496 ardentibus
1006 3450 1081 3510 tignis
1091 3464 1177 3510 aquam
1187 3450 1272 3496 rabam
1287 3450 1325 3496 in.

261 3508 299 3568 lt,
321 3510 363 3558 33.
384 3510 557 3558 wnfunduntur
578 3511 733 3574 destruentibus
753 3520 777 3558 et
800 3513 920 3575 frendant.
954 3511 1029 3560 Varro
1040 3513 1113 3561 R.R„
1127 3512 1150 3572 l,
1162 3512 1184 3567 7.
1220 3513 1324 3560 InGaI·

258 3573 439 3634 defendendum
473 3574 503 3623 Id
521 3574 542 3623 ai
558 3583 601 3635 ert,
618 3582 684 3622 tanto
701 3575 777 3637 megia
807 3578 841 3623 lia
856 3577 1013 3638 Transalpina
1020 3579 1084 3624 intus
1094 3577 1125 3624 ad
1136 3578 1256 3636 Rlunum,
1270 3591 1325 3626 aum

257 3635 316 3684 libet
335 3638 455 3701 auspicari,
475 3639 585 3687 Taeimm
603 3637 692 3686 dediuae
710 3639 777 3700 defu·
807 3643 936 3690 mererium
963 3635 1077 3696 ducerem,
1104 3642 1193 3702 aliquot
1219 3642 1326 3702 regiones

255 3701 383 3760 gieutibar.
416 3702 455 3750 Ae
465 3701 596 3750 tortmuein
606 3710 684 3750 mente
694 3701 777 3750 hebuit
807 3706 900 3764 emersi,
923 3707 962 3753 ubi
983 3706 1055 3752 ratem
1075 3719 1117 3752 nee
1131 3705 1268 3767 sudrinas,
1285 3721 1328 3754 nee

256 3764 338 3812 laeum
349 3764 448 3814 Cetaria
462 3767 493 3814 B.
510 3766 542 3815 G.
558 3768 583 3824 6,
601 3766 640 3814 13.
657 3769 688 3812 iia
698 3781 776 3814 omnes
807 3771 956 3817 muirtemne
980 3770 1097 3829 baberent,
1119 3770 1159 3816 sed
1179 3784 1207 3817 es
1231 3769 1327 3830 auibus-

259 3829 379 3889 deeedunt,
390 3835 445 3892 (pro
455 3845 503 3894 quo
513 3839 590 3878 uortm
603 3831 725 3889 absume)
734 3833 777 3878 ad-
808 3835 862 3880 dam
878 3834 952 3894 tignir
962 3834 1094 3891 eonrbuniu,
1111 3833 1247 3880 carbonibus
1259 3835 1327 3882 saleis

258 3893 320 3939 dura
346 3907 428 3941 mun
449 3909 621 3956 musanernaue
643 3895 777 3958 defugiunt.
803 3903 1028 3958 promererentur.
1056 3896 1253 3959 Ubilugutntus
1261 3897 1327 3945 Rbe-

259 3955 332 4004 Notio
347 3959 466 4006 &amendi
481 3968 516 4006 eet
528 3959 579 4018 jum
591 3959 616 4006 iu
629 3960 777 4022 sota‚·‚quod
808 3977 875 4020 num,
889 3961 1002 4024 particula
1011 3960 1117 4008 addititia
1126 3961 1216 4022 reim
1249 3961 1327 4010 Iura.

224 4067 232 4078 ,
259 4028 293 4066 eet
304 4023 401 4069 decem
434 4023 508 4071 Etru.
539 4021 642 4070 Reatittri
656 4037 711 4070 crim
721 4023 776 4087 Bip.
809 4024 911 4072 Isidorus
922 4025 989 4088 Orig-
1005 4026 1043 4084 16,
1059 4026 1083 4072 2.
1098 4039 1154 4072 narn
1169 4025 1237 4086 aquia
1251 4025 1326 4071 uteru

260 4084 440 4145 defendentibus.
482 4086 558 4134 Rhea.
581 4085 625 4134 hoa
645 4100 692 4133 non
711 4102 778 4150 porse
808 4096 888 4150 sponte
899 4091 1020 4151 gignitur,
1035 4095 1118 4152 spunea
1133 4091 1159 4136 in
1171 4089 1283 4136 triremis
1297 4089 1326 4134 ii.

261 4154 320 4194 utare
330 4152 435 4211 putabat,
447 4150 491 4198 niei
501 4151 592 4213 legatur
598 4151 712 4212 pericula·
729 4151 778 4200 Ve-
810 4155 898 4200 toribus
910 4156 946 4201 vel
955 4155 1055 4216 seopulis
1070 4155 1185 4212 derelicta,
1198 4159 1220 4198 et
1231 4153 1277 4199 sole
1287 4154 1327 4198 de-

261 4224 314 4258 rum
326 4228 391 4276 aque
402 4213 500 4262 diamur
512 4215 633 4277 defendar
644 4216 703 4273 uini,
714 4218 779 4278 inju-
810 4225 880 4265 encta.
905 4217 1002 4266 Gnou,
1018 4217 1141 4266 Muretum
1152 4215 1326 4280 sequitur'Bro·

258 4276 427 4386 ⁴'rhitrdrzubeltena
437 4278 603 4404 atritione}
617 4277 779 4390 demetimm
811 4281 886 4330 terim.
920 4281 992 4330 Eun.

331 4356 471 4406 musumper
519 4358 540 4391 n
565 4357 615 4389 een
645 4357 704 4389 nn.
