3042 4950
178 3211 186 3217 ,
267 3172 336 3213 stam·
353 3163 365 3224 β
383 3166 405 3212 l.
417 3164 526 3212 laudatus
536 3163 681 3226 Schultingia
694 3164 719 3210 in
733 3163 783 3212 Ju„

263 234 416 327 mm
616 230 982 294 mmmm.
1267 234 1326 319 m

267 398 373 464 locus:
396 420 475 485 quos
496 395 631 461 vindicta
651 384 879 489 patronus-non
889 392 1076 471 liberaverit,
1098 392 1184 458 velut
1199 394 1327 459 vinculo

266 484 422 548 servitutis
436 481 578 546 adtinen.
619 478 793 564 Dispiceret
806 478 939 563 quisque
952 478 1072 556 merita,
1088 480 1237 566 tardeque
1251 502 1325 543 oon-

265 568 395 645 cederet,
412 567 497 653 quod
511 566 621 629 datum
634 586 697 626 non
711 562 925 627 adimeretur?
958 564 1039 627 Haec
1054 564 1204 627 sententia
1216 564 1326 629 valuit.

268 651 460 737 scripsitque
476 651 581 715 Caesar
598 646 736 725 Senatui,
759 654 780 683 “
799 646 945 734 privatim
959 647 1172 732 expenderent
1185 672 1325 716 caussam

263 730 458 816 libertorum,
473 736 616 822 quotiens
629 757 648 797 a
661 730 1038 819 patronis-arguerentur:
1058 730 1266 795 incommune
1279 733 1326 796 ni-

265 818 310 884 hil
323 821 536 909 derogarent.''
558 820 628 885 Nec
641 817 741 883 multo
755 830 827 904 post
836 829 961 903 ereptus
969 814 1073 881 amitae
1083 816 1213 881 libertus
1224 817 1323 907 Paris,

267 1058 331 1124 quod
347 1067 401 1108 ante
417 1062 446 1109 ab
465 1058 515 1123 ipso
534 1058 650 1123 prolatum
667 1064 708 1115 est,
721 1056 780 1105 mihi
811 1056 950 1117 libertatem,
959 1061 1027 1121 cujus
1034 1073 1100 1122 spem
1110 1057 1205 1115 iecerist
1217 1059 1280 1123 quod
1290 1058 1327 1120 fit,

266 1124 398 1187 persuaderi
412 1124 493 1187 patior,
513 1133 541 1171 ut
558 1132 610 1172 tum
626 1122 728 1185 patronis
740 1124 780 1183 J'us
811 1122 921 1185 sipriaris
929 1124 1033 1171 beneficii
1041 1124 1142 1187 prmitet
1175 1123 1246 1171 Eleu.

266 1187 338 1237 subse
358 1188 459 1247 credam,
481 1188 618 1239 libertatem,
641 1186 714 1233 etiam*
733 1199 781 1233 nan
846 1187 910 1243 Quor
927 1189 1031 1234 vadam
1042 1196 1159 1248 patrarat
1176 1201 1223 1234 rara
1242 1190 1326 1235 libera-

265 1250 363 1310 justam,
375 1251 499 1298 adimendi.
535 1250 684 1298 Libertorum
695 1248 779 1296 coerci-
813 1249 886 1313 verit]
904 1250 953 1297 Cur
964 1252 1073 1298 vindicte
1083 1259 1174 1299 tantum
1185 1252 1327 1300 mentionem

267 1314 301 1361 tio
318 1322 421 1377 tempore
443 1313 547 1377 Augusti
563 1312 624 1359 iacta
640 1327 678 1375 ap.
694 1312 782 1361 Praefe·
811 1314 887 1361 facit?
911 1314 1013 1375 Nempe,
1031 1313 1087 1377 quia
1105 1314 1181 1376 primo
1198 1316 1328 1363 manumis-

267 1385 332 1426 ctum
343 1378 401 1426 Urb.
413 1376 571 1441 enlegeffllia
581 1376 667 1431 Sentis,
680 1384 706 1424 ut
717 1384 781 1439 patet
812 1377 881 1425 simis
896 1392 938 1439 per
954 1386 1117 1425 testamentum
1133 1376 1200 1424 nulla
1215 1377 1254 1425 hic
1269 1378 1328 1425 ratio

264 1456 280 1489 e
296 1441 425 1503 fragmenta
440 1442 489 1502 ejus
503 1456 540 1505 ap.
556 1438 652 1503 Ulpian.
666 1440 683 1487 b
699 1442 739 1489 30.
754 1440 779 1487 fl:
811 1440 918 1489 habenda
928 1450 990 1499 erat;
1008 1442 1078 1505 quod,
1094 1440 1135 1506 qui
1146 1440 1178 1489 sic
1188 1441 1327 1489 manumissi

266 1504 308 1568 qui
318 1514 342 1552 et
352 1504 462 1569 aquibus
472 1504 608 1551 manumiss.
635 1505 780 1568 Generapoe-
812 1514 1045 1569 sunt,postmortem
1055 1504 1249 1568 patronidemum
1259 1505 1327 1553 liberi

265 1582 350 1617 narum
369 1568 491 1617 traduntur
511 1568 537 1616 in
557 1568 594 1615 tit.
615 1567 639 1615 ff.
662 1568 691 1615 da
711 1568 780 1616 Praef.
812 1568 881 1627 fiunt,
899 1585 953 1632 erga
972 1586 1027 1618 eum
1046 1569 1104 1617 adeo
1119 1568 1205 1630 ingrati
1218 1584 1266 1617 esse
1280 1582 1327 1616 non

266 1632 325 1681 Urb.
341 1633 366 1679 in
381 1632 488 1695 primis§
502 1633 539 1681 la.
572 1631 699 1681 Sedinhis
715 1633 782 1681 nulla
812 1643 923 1695 pomumr
946 1633 1030 1681 deinde
1045 1632 1196 1681 manumissio
1214 1648 1256 1697 per
1271 1648 1325 1681 oen.

266 1696 378 1745 libertatis
398 1696 507 1745 ademtio.
548 1695 629 1759 Atque
650 1695 699 1743 haec
722 1697 781 1745 ratio
812 1698 991 1745 sumrarissime
1005 1697 1160 1760 contingebat,
1176 1712 1231 1744 mm
1246 1712 1328 1745 census

267 1760 361 1819 mansit,
379 1760 451 1808 donec
464 1759 577 1809 Claudius
594 1760 661 1821 eoepit
676 1776 781 1809 revocare
812 1775 864 1808 raro
874 1770 988 1824 ageretur.
1019 1762 1086 1811 Nam
1100 1769 1327 1824 proptereecensum

266 1824 368 1887 ingratos
378 1823 403 1871 in
414 1824 556 1885 scrutatam,
568 1824 608 1873 sed
618 1823 722 1885 decretio,
733 1840 781 1872 non
813 1824 925 1873 omissum
940 1841 997 1883 esse,
1014 1824 1085 1888 quod,
1102 1833 1130 1871 ut
1144 1840 1181 1887 ap.
1193 1824 1327 1872 Ciceronem

267 1887 327 1951 lege,
349 1896 376 1936 ut
397 1897 450 1937 ante
471 1888 567 1937 dictum.
608 1888 682 1948 Nam,
704 1889 781 1937 silex
814 1888 912 1937 Crassus
921 1889 955 1937 ait
964 1889 994 1937 de
1004 1888 1048 1937 Or.
1061 1889 1085 1946 1,
1095 1889 1135 1936 to.
1149 1903 1179 1935 err
1188 1891 1247 1950 jare
1261 1890 1327 1935 cicili

266 1951 354 2011 fuisset,
365 1953 450 2000 frustra
456 1954 505 2014 jam
516 1952 611 2001 demum
623 1968 649 2000 ea
659 1960 780 2015 peteretur.
809 1960 946 2014 potestesse
962 1954 1085 2011 contentia,
1097 1966 1150 1999 eum
1161 1955 1284 2012 quaritur,
1297 1955 1326 2012 ir,

266 2015 348 2078 Atque
358 2018 427 2064 etiam
439 2016 479 2063 alii
493 2018 646 2081 Imperatores
660 2025 711 2079 post
726 2019 781 2066 sub·
813 2018 854 2077 qai
865 2018 955 2064 domiai
966 2020 1083 2063 voluntate
1098 2031 1179 2063 eearar
1195 2017 1235 2075 dr,
1252 2019 1328 2063 canti.

266 2078 320 2126 inde
347 2080 440 2127 duriora
471 2081 496 2127 in
520 2081 616 2141 'libertos
643 2080 779 2128 decrevere:
812 2095 897 2140 arrone,
912 2096 944 2128 aa
957 2083 996 2127 abi
1010 2080 1252 2136 internascentium,
1269 2080 1327 2126 laer

266 2142 333 2191 nulla
342 2143 394 2205 lege
406 2144 435 2191 de
449 2144 560 2193 libertatis
573 2143 696 2191 amissione
707 2144 781 2191 sanci-
813 2145 865 2191 riti
892 2158 940 2192 non
961 2152 1026 2207 puto.
1071 2143 1117 2190 Per
1138 2141 1279 2189 calumniam
1300 2143 1326 2191 id

265 2213 317 2253 tum
335 2214 389 2253 ante
406 2208 530 2255 Commodi
544 2216 664 2270 tempora'
695 2207 720 2255 ls
736 2207 782 2254 ini-
813 2208 886 2270 quaeri
902 2208 1011 2271 potuisse,
1026 2206 1110 2254 credo:
1126 2206 1186 2268 iuris
1200 2206 1284 2268 recepti
1301 2206 1327 2253 id

267 2270 326 2317 tium
343 2269 398 2318 fecit
414 2272 537 2331 statuendi,
555 2288 607 2335 quae
624 2272 654 2319 ad
670 2270 782 2319 libertatis
813 2270 892 2331 titisse,
903 2281 931 2319 ut
941 2271 1041 2320 revocari
1051 2270 1157 2317 voluntas
1173 2269 1262 2317 domini
1271 2285 1326 2332 pas-

266 2334 413 2381 amissionem
430 2334 477 2383 vim
494 2334 603 2391 facerent,
619 2335 636 2381 1.
648 2335 671 2381 6.
686 2334 711 2381 ff.
725 2333 737 2393 §
757 2337 779 2381 l.
813 2342 856 2394 set,
874 2350 928 2383 cum
944 2338 995 2396 jam
1012 2349 1093 2383 census
1110 2341 1168 2381 esset
1183 2344 1269 2388 servus,
1287 2334 1327 2381 sed

267 2396 406 2459 de-agnosc.
424 2406 447 2445 et
466 2399 541 2447 alend.
560 2398 650 2447 liberis:
670 2400 782 2459 primam
813 2400 1023 2446 nondumlustmm
1032 2398 1236 2459 conditumnego.
1254 2397 1326 2445 Eure.

267 2462 486 2524 eariapatertetem
498 2470 654 2524 patronarum
669 2463 782 2523 redigiet
813 2461 845 2510 L.
856 2478 897 2511 un.
908 2463 937 2512 C.
949 2462 978 2510 de
989 2462 1067 2510 Latin.
1078 2462 1118 2510 lib.
1130 2462 1179 2510 toll
1213 2462 1326 2520 Persona,

267 2527 427 2572 ministerium
439 2527 540 2574 dominia
546 2529 651 2588 praebere
662 2529 731 2587 cogi.-
743 2529 781 2573 ain
814 2528 841 2572 ia
859 2543 930 2588 qaam
948 2529 1022 2574 simul
1040 2533 1063 2573 et
1080 2529 1174 2573 libertas
1187 2533 1210 2572 et
1225 2528 1327 2574 servitus

267 2597 345 2637 autem
356 2591 710 2648 medae-modoadmaaeaatar‚
724 2592 781 2636 vela
814 2599 963 2638 concurrant.
1001 2589 1052 2647 Qui
1065 2588 1161 2652 proinde
1178 2598 1200 2638 et
1214 2589 1283 2638 servis
1303 2599 1328 2637 et

267 2655 375 2701 Proerr’de
389 2657 473 2701 emtori
489 2655 627 2702 addicentur
643 2661 665 2702 et
674 2656 782 2716 pretium
812 2652 890 2702 liberis
900 2653 1013 2702 accenseri
1023 2661 1136 2715 poterant,
1151 2668 1231 2701 eornm
1242 2661 1327 2702 sortem

264 2719 513 2780 petronirnddicetrar.
546 2718 608 2776 Quae
616 2718 781 2828 contradispu-
812 2717 900 2765 Justin.
919 2720 1020 2764 acediam
1032 2716 1144 2764 nominat.
1178 2717 1281 2779 Canneg.
1297 2717 1328 2764 de

267 2789 301 2829 tat
321 2778 430 2842 Cujacius
448 2781 505 2830 Obs.
522 2782 560 2841 10,
579 2783 618 2829 33.
631 2781 715 2829 refellit
755 2797 781 2829 o·
812 2790 873 2828 mut.
886 2782 956 2829 Rom.
967 2796 1030 2829 nom.
1042 2780 1170 2828 subPrinc.
1179 2789 1223 2828 rat.
1234 2796 1258 2843 p.
1270 2781 1311 2828 36.

266 2844 336 2892 thofr.
350 2845 379 2892 ad
397 2845 454 2894 cod.
466 2846 556 2894 Theod.
569 2845 588 2892 l.
604 2859 623 2893 c.
642 2847 719 2908 quiet
735 2845 782 2892 alia
845 2848 878 2892 Ia
889 2860 1010 2894 commane
1026 2846 1088 2892 nibil
1103 2846 1226 2907 derogent]
1243 2844 1327 2897 Mure-

266 2909 317 2957 loea
329 2909 409 2972 legum
425 2909 499 2969 affert,
516 2909 628 2973 equibus
643 2917 714 2970 patet,
728 2918 781 2973 post
814 2917 851 2956 tus
863 2911 896 2973 (et
911 2909 993 2970 Acid.)
1011 2911 1169 2970 deragareat3
1185 2916 1253 2967 recte,
1270 2923 1326 2957 nam

268 2973 392 3020 Commodi
408 2981 513 3036 tempora
531 2973 643 3020 libertatis
668 2972 780 3020 ademtio·
812 2981 866 3020 ante
882 2973 979 3033 dixerat,
997 2974 1169 3034 expendereate
1197 2971 1329 3036 pendetque

266 3051 321 3084 nem
335 3037 440 3084 valuisse.
473 3037 582 3084 Maxime
598 3037 732 3100 perspicuus
747 3044 781 3084 est
813 3044 939 3101 utrumque
954 3054 969 3084 a
990 3039 1092 3099 rcrqrrit.
1134 3035 1165 3083 In
1182 3035 1227 3085 hoc
1289 3052 1327 3085 ere

267 3100 340 3162 locus,
358 3101 437 3148 Paulli
450 3101 467 3149 l.
482 3102 520 3149 lo.
539 3101 563 3148 ff.
580 3100 609 3148 de
624 3115 730 3148 manum.
745 3108 781 3148 te-
813 3109 1009 3176 sepepeoeatum.
1043 3101 1140 3150 V-ante
1155 3102 1259 3175 nott..
1278 3116 1327 3174 ece-

266 3227 332 3290 rispr.
349 3228 488 3277 Ante-Just
500 3245 525 3292 p.
535 3230 591 3278 573.
603 3228 639 3275 ed.
650 3227 717 3290 lips.
728 3243 781 3274 cram
812 3166 1023 3290 pagdmdlgppgeepps.
1036 3161 1236 3297 ΒῗυῖΝῇἰὼἭ
1246 3179 1277 3276 ii
1289 3163 1327 3276 liii¹

266 3291 449 3354 beneplaceat,
471 3294 599 3340 libertatem
616 3293 691 3338 adimi
705 3299 781 3353 posse.
814 3290 911 3340 Tacitus
921 3292 1036 3356 nonaden
1044 3292 1171 3355 religiosus.
1264 3317 1267 3322 ·

266 3355 344 3418 Atqui
358 3355 378 3404 is
391 3355 449 3404 vixit
463 3359 506 3404 sub
522 3358 605 3405 Severo
621 3363 644 3403 et
655 3355 781 3404 Caracalla.
845 3358 950 3419 Ereptaa
960 3359 1040 3404 amitoe
1050 3357 1159 3420 libertas]
1172 3355 1279 3406 Zamiam
1290 3373 1327 3405 er·

267 3420 293 3466 Si
312 3433 365 3483 ergo
379 3420 522 3468 Commodus
536 3421 646 3482 primurn
663 3419 740 3466 sanxit
755 3419 780 3466 in
812 3435 843 3483 go
860 3420 985 3483 aliqnando
996 3420 1021 3467 in
1034 3435 1076 3468 nos
1089 3419 1185 3468 molitus
1203 3420 1327 3482 Ulpianus,

264 3490 401 3592 patestatem
414 3493 564 3547 patronorum
578 3483 651 3546 redigi
666 3483 781 3546 vendique
812 3498 867 3532 cum
892 3483 981 3546 scripsit
1003 3483 1020 3530 L
1041 3485 1065 3531 3.
1093 3484 1132 3532 De
1149 3483 1255 3533 'condiet
1278 3501 1327 3535 eea.

275 3547 358 3595 ibertos
371 3547 480 3608 ingratos,
497 3556 519 3594 et
532 3549 568 3596 sui
582 3547 692 3610 temporis
705 3547 730 3594 id
741 3549 781 3609 jus
812 3547 882 3596 datar
907 3549 1026 3597 Neratius
1041 3550 1113 3595 etiam
1129 3549 1188 3594 libra
1203 3550 1327 3598 Membra·

264 3609 361 3658 demum
371 3610 442 3659 fuisse
452 3619 548 3660 testatur
564 3611 670 3667 Paullus,
678 3611 728 3658 non¹
738 3626 781 3674 po-
812 3627 899 3658 aaram
916 3613 997 3675 refert,
1018 3613 1133 3658 Paridem
1147 3613 1327 3660 Pantamimam

265 3681 310 3722 test
322 3676 373 3737 jam
384 3675 483 3723 Neronis
499 3683 601 3738 tempore
616 3674 725 3722 libertatis
739 3673 781 3721 ad-
812 3691 827 3721 a
838 3677 947 3723 Domitia
959 3677 1134 3736 Neraairfilia‚
1146 3677 1231 3736 decem,
1243 3692 1294 3738 qaoe
1304 3680 1328 3724 ei

265 3739 335 3786 emtio
348 3739 401 3798 jure
411 3738 506 3786 inducta
517 3739 595 3788 fuisse.
638 3737 699 3798 Quae
709 3737 781 3801 igitur
808 3743 856 3801 pra
867 3741 971 3788 libertate
987 3740 1090 3798 dederat,
1107 3742 1217 3801 repetiere
1227 3739 1274 3803 per
1283 3744 1328 3802 jsr-

264 3811 299 3849 est
308 3801 353 3850 ista
359 3804 519 3864 paenitentia?
536 3803 638 3866 Nempe,
650 3817 781 3866 quaeoppo·
812 3805 901 3850 dicem:
931 3803 1050 3866 filiamque
1069 3818 1121 3850 eam
1147 3803 1237 3852 Neroni
1263 3805 1326 3864 fecit,

264 3865 328 3914 nitur
347 3881 407 3914 aava
424 3867 539 3931 beneficia.
582 3867 632 3926 Qui
649 3866 779 3913 libertatem
812 3882 865 3929 quae
883 3875 917 3915 est
938 3867 1018 3924 amita,
1039 3881 1125 3930 magna
1146 3881 1189 3915 sus
1210 3867 1327 3916 librariive

264 3943 311 3978 non
320 3931 409 3990 justam
420 3929 468 3989 dat,
482 3946 547 3993 spem
557 3939 634 3978 tamen
646 3931 686 3977 dat
695 3929 778 3992 plena,
811 3931 888 3994 culpa.
923 3930 969 3978 Sed
980 3930 1100 3979 librarium
1117 3931 1141 3978 id
1157 3931 1327 3994 peccassacle-

265 3991 354 4056 sibique
376 3994 454 4040 locum
472 3994 582 4057 relinquit
601 3994 655 4042 novi
675 3992 780 4040 beneficii
810 3995 911 4043 mentius
931 4004 973 4052 est,
997 3994 1196 4059 scribendumque,
1220 3994 1328 4042 Nerdar'r'

264 4056 393 4105 tribuendi:
411 4057 490 4121 itaque
504 4058 600 4106 libertus
615 4067 712 4120 panone
728 4071 778 4103 ma·
810 4060 892 4118 amita,
921 4066 963 4106 aut
980 4058 1067 4120 potius,
1090 4061 1197 4107 Neronis
1222 4061 1325 4116 coasilia,

266 4127 306 4165 net
331 4121 624 4181 nodammodoobnoxius5
641 4130 672 4180 et,
688 4129 716 4168 ut
726 4128 779 4182 post
810 4122 873 4184 qnod
884 4122 962 4169 firmat
972 4121 1076 4182 Tacitus,
1087 4124 1133 4186 -qui
1144 4123 1243 4170 Neronis
1256 4124 1325 4183 jussu

266 4136 515 4239 ait'dacitus,vinculo
530 4184 778 4242 amnemamnem,
841 4194 927 4234 tratum
943 4185 968 4232 id
989 4184 1137 4248 ingenuitatis
1151 4187 1267 4247 iudicium
1284 4189 1326 4236 ait.

266 4248 408 4360 3531?an
412 4250 561 4370 cupipitatffi
573 4251 643 4311 justae
658 4247 780 4361 hbertass
834 4264 903 4364 ιιζῧε..ι
913 4251 1007 4363 Digna}
1018 4266 1060 4314 pro
1081 4253 1160 4299 amitae
1178 4251 1324 4320 scribendum

381 4375 382 4380 ¹
416 4327 440 4362 es
482 4329 511 4364 on
561 4327 729 4379 eunquamJus
809 4328 891 4376 oonJm
998 4329 1033 4360 roe.
