3042 4950
246 256 416 330 ..asar
610 252 685 311 un.
706 252 776 309 xn.
798 252 951 312 cansa.
1257 256 1310 311 ros

176 490 180 495 ,
269 415 452 505 uinquagies
479 411 650 477 sestertium
659 413 678 443 '⁹
703 412 822 475 oeneuit
849 412 967 477 Consul
996 412 1186 499 designatus,
1212 412 1313 478 Barea

247 442 404 568 geramus:
435 498 577 563 additum
606 520 625 560 a
653 496 801 583 Scipione¹
823 496 979 576 Cornelio,
1010 504 1158 593 “grates
1186 499 1312 585 publice

247 580 393 673 agendas,
409 583 506 670 quod,
522 581 665 669 Regibus
679 581 825 646 Arcadiae
838 593 936 660 ortus,
955 591 1151 647 veterrimam
1171 583 1313 648 nobilita-

248 683 312 735 tem
330 670 402 733 usui
421 667 547 755 publico
560 678 770 753 postponeret,
786 688 880 752 seque
893 664 975 731 inter
988 665 1144 732 ministros
1158 668 1313 755 Principis

247 754 354 820 haberi
375 753 515 817 sineret.”
558 749 762 817 Adseveravit
777 750 940 830 Claudius,
957 758 1174 815 “contentum
1197 751 1313 815 honore

248 840 433 915 Pallantem,
447 838 530 901 intra
543 837 677 923 priorem
691 858 754 922 pau
844 848 908 899 tem
922 836 1115 900 subsistere?
1157 837 1204 899 Et
1214 836 1313 899 fixum

247 936 294 989 est
308 948 369 989 aere
381 923 508 1011 publico
524 922 750 986 Senatusoonsu
764 935 843 997 tum,
857 943 922 1005 quo
935 920 1109 997 libertinus,
1122 920 1253 1004 sestertii
1268 934 1315 984 ter

247 1009 357 1072 millies
413 1029 535 1085 ssessor,
550 1006 687 1091 antiquae
701 1005 899 1091 parcimoniae
912 1005 1057 1069 laudibus
1071 1002 1299 1068 cumulabatur.

302 1092 352 1157 LI
385 1141 392 1156 .
416 1092 465 1157 At
489 1112 552 1155 uon
574 1092 670 1155 frater
691 1090 773 1187 ejus,
796 1104 1002 1173 cognomento
1026 1088 1129 1166 Felix,
1148 1089 1224 1174 pari
1249 1112 1315 1152 mo·

249 1178 407 1243 deratione
428 1176 550 1262 agebat,
571 1176 639 1261 jam
667 1172 789 1259 pndem
809 1173 939 1254 ¹iudaeae
964 1174 1129 1259 inpositus,
1149 1187 1182 1237 et
1202 1185 1315 1238 cuncta

249 1432 330 1465 reram
351 1418 464 1475 vidimus,
486 1423 513 1465 ut
532 1416 653 1465 Praetoria
678 1429 767 1477 quoque
797 1423 939 1464 transmare
954 1415 1074 1463 advecmm
1091 1415 1269 1475 inervaemles,
1285 1430 1315 1464 ex
1338 1456 1341 1461 .
1380 1458 1384 1467 .

250 1487 385 1529 ommate
406 1483 498 1529 decerni
519 1497 534 1527 a
556 1482 653 1539 Senatu,
667 1480 768 1542 jubente
798 1480 876 1526 Plinio
890 1480 983 1538 eninm,
1001 1490 1024 1526 et
1034 1480 1133 1526 eundem
1144 1480 1255 1527 Antonin
1264 1494 1316 1527 ma·

250 1546 390 1607 Agrippias
417 1545 513 1593 Claudii
542 1544 653 1603 Caesaris,
678 1543 767 1589 videri·
798 1542 828 1590 tri
847 1544 947 1603 servisse,
962 1559 994 1590 ex
1009 1544 1113 1606 Josepho
1132 1545 1170 1600 18,
1189 1544 1254 1601 un
1273 1543 1317 1607 qui

251 1625 320 1655 mres:
346 1615 482 1669 tantamque
507 1622 552 1655 aaa
576 1622 630 1653 cum
653 1606 768 1653 laureatis
799 1606 922 1652 Πάλλαντα
943 1608 1045 1670 appellat
1062 1608 1100 1654 ri»
1120 1608 1255 1653 πιστότατον
1272 1614 1316 1652 rea

243 1674 351 1735 faecibus
361 1674 452 1720 remitti
462 1672 512 1728 illo,
523 1672 584 1719 uada
595 1672 690 1717 cretatis
698 1670 769 1730 pedi·
800 1667 880 1715 δούλων
892 1670 967 1722 αὐτῆς.
999 1671 1041 1718 Ab
1051 1683 1078 1718 ea
1089 1685 1143 1734 ergo
1150 1669 1180 1718 ad
1189 1670 1317 1718 claudum

250 1738 292 1781 bue
302 1738 454 1783 advenissent.
473 1735 580 1797 Itemque
591 1733 667 1781 minor
678 1732 768 1796 epistol.
798 1732 909 1795 pervenit.
926 1734 1003 1781 hirs.

251 1802 273 1853 8,
284 1800 309 1845 5.
337 1800 413 1847 Inrs.
445 1798 621 1861 inscriptionem
632 1797 700 1845 istam
712 1810 770 1857 spu·
832 1798 927 1844 Ficum
937 1805 972 1845 ert
983 1798 1089 1862 pollice]
1117 1798 1155 1846 ita
1165 1797 1220 1846 libri
1231 1798 1318 1862 scripti,

251 1862 310 1911 riam
324 1862 460 1924 pronunciat
474 1861 611 1910 lietduinus
623 1861 653 1910 ad
664 1860 769 1908 Plinium
800 1868 824 1908 et
845 1874 893 1907 non
913 1861 1020 1909 abhorret
1039 1877 1054 1908 a
1074 1861 1212 1910 (bruniana
1232 1862 1319 1925 phrasi.

251 1926 304 1973 ic.
322 1928 385 1989 quod
403 1926 513 1975 haetenus
532 1940 613 1973 verum
632 1933 675 1981 eet,
692 1922 770 1987 quoad
801 1924 838 1971 At
852 1924 931 1987 wigo,
942 1940 989 1973 oere
1004 1926 1106 1987 milico,
1117 1926 1190 1987 legas,
1205 1940 1253 1973 uon
1269 1927 1320 1975 sine

169 2038 173 2049 ,
252 1992 322 2037 verba
343 1998 508 2053 preponuntur
523 1990 562 2037 Ti.
575 1990 690 2037 Claudius
701 1989 770 2049 Arg.
801 1986 953 2036 additamenti
966 1986 1101 2053 suspicione
1121 1990 1194 2037 ers.
1221 1987 1251 2036 ln
1263 1989 1322 2039 MS.

253 2054 283 2099 L.
295 2054 393 2101 Pollu.-
411 2062 438 2101 ut
448 2053 547 2101 ostendit
557 2051 663 2115 Ryckius
676 2050 770 2099 adiri.
801 2050 865 2098 Flor.
884 2059 919 2099 est
936 2052 1028 2114 henna,
1046 2053 1087 2100 sed
1104 2053 1130 2101 in
1150 2053 1256 2115 margine
1273 2053 1321 2102 alia

252 2117 317 2163 Natn
335 2116 413 2164 Pallae
429 2116 475 2163 fuit
492 2116 587 2163 hiterius
602 2114 720 2171 Antoniae,
735 2114 772 2161 di-
801 2128 875 2161 manu
893 2115 1004 2177 scriptum
1022 2131 1076 2163 ωτι.
1109 2115 1168 2163 Cod.
1183 2116 1245 2182 Reg.
1256 2116 1319 2179 Agr.

252 2187 348 2291 :iniqui
358 2180 544 2291 aripraolfi'atoaiar
556 2180 647 2289 Palici,
665 2187 692 2290 up
700 2177 772 2291 inum
802 2177 838 2252 ed.
846 2192 882 2240 pr.
886 2180 988 2254 publiea,
997 2180 1152 2291 sinelpputpp.L
1160 2182 1321 2291 AEIerrpubiioo

254 2258 373 2369 ..titt
393 2256 710 2368 enitimini..
729 2258 773 2352 il.
802 2257 1175 2368 mmmmm.
1194 2258 1321 2357 ninii

254 2370 334 2433 prium
350 2386 407 2418 mox
425 2370 455 2417 ad
474 2386 493 2418 c.
511 2372 551 2417 ei.
569 2370 621 2417 init.
653 2369 774 2481 Quippuid
804 2368 931 2482 nimum
940 2370 1061 2434 ineptumr
1078 2371 1259 2432 aerepatlscoet
1271 2388 1321 2433 pu·

255 2434 294 2492 sit,
312 2442 383 2498 caput
400 2434 556 2498 inscriptionis
577 2433 688 2498 alripaio
737 2432 774 2482 di·
805 2434 861 2481 blica
913 2434 919 2444 '
940 2443 1080 2499 essepotest,
1088 2435 1134 2483 nisi
1144 2445 1223 2484 sumtu
1235 2436 1320 2485 erarii:

255 2507 322 2546 tumr
346 2507 419 2546 cetera
435 2498 503 2546 inseri
520 2499 552 2546 tio
568 2499 647 2562 spuria
664 2512 710 2545 non
729 2506 772 2556 est,
804 2498 868 2560 quod
894 2498 988 2547 uersum
998 2499 1110 2547 additur?
1126 2513 1181 2547 narn
1196 2500 1275 2547 omnia
1290 2502 1323 2549 sic

254 2515 772 2625 quippeprodimaPinioEp.7,29.8,6·
804 2561 868 2609 sota
962 2562 988 2610 si
1000 2564 1093 2624 publice
1107 2563 1222 2624 intelligar
1232 2564 1322 2612 deloco

255 2625 441 2688 quolocoetiam
453 2625 582 2687 fragroeuta
596 2624 732 2673 monimenti
748 2624 773 2671 in
822 2626 906 2686 oblico,
928 2640 987 2674 num
1007 2626 1054 2674 alia
1074 2626 1164 2689 pritato
1184 2628 1235 2676 loco
1253 2628 1321 2677 fixa?

255 2689 364 2736 honorem
374 2689 486 2737 Pallantis
497 2689 557 2736 iacti
575 2689 648 2739 Eure.
804 2640 922 2752 inspirer,
935 2689 1047 2753 scripturn
1061 2689 1133 2738 inisse
1147 2690 1195 2738 sic:
1215 2693 1274 2755 foro
1285 2695 1320 2740 D.

289 2754 450 2814 Quinquagiea
468 2754 538 2816 Ha]
566 2753 605 2802 sic
620 2752 692 2802 MSS.
709 2752 774 2800 nor.
804 2753 871 2800 Jalii
888 2754 1001 2800 Coeaaut
1017 2754 1067 2802 siue
1085 2757 1145 2803 Car.
1182 2756 1246 2802 Nam
1259 2755 1323 2806 Piin.

256 2817 315 2879 Reg.
326 2817 388 2878 Agr.
399 2816 477 2864 (iucif.
487 2817 537 2864 edd.
547 2832 582 2880 pr.
591 2816 682 2864 Puteoi.
694 2831 774 2864 ornnes
805 2814 853 2879 Ep.
870 2817 896 2875 8,
915 2817 938 2867 6.
953 2826 1088 2873 auctorest,
1106 2817 1208 2881 positum
1229 2820 1275 2868 SC.
1292 2820 1323 2868 ad
1352 2838 1354 2842 ·

256 2881 372 2943 usquead
386 2879 522 2940 Pichenam,
539 2881 564 2928 in
579 2882 645 2942 cujus
656 2879 691 2928 ed.
704 2881 773 2942 qaia-
805 2888 906 2929 statuam
923 2880 957 2929 D.
972 2881 1035 2930 sulii
1053 2882 1181 2942 loricatam,
1197 2883 1249 2931 loeo
1264 2883 1323 2932 cele-

256 2946 376 3005 quageaias
393 2943 449 2992 vitio
463 2959 585 3006 operarum
604 2944 695 3007 irrepsit
710 2943 775 2992 haud
805 2944 905 2992 berrimo
914 2944 993 2992 urbier
1009 2944 1081 3009 idque
1093 2946 1133 2994 ille
1147 2957 1175 2994 ut
1191 2947 1324 3009 indignissi-

256 3007 333 3055 dubie.
365 3007 399 3054 Et
413 3007 437 3054 id
452 3015 530 3054 tamen
545 3023 624 3056 omnes
639 3008 710 3056 secuti
720 3016 775 3055 sunt
805 3023 873 3055 mum
893 3017 964 3057 notat.
997 3009 1082 3074 Itaque
1102 3025 1149 3058 non
1169 3011 1259 3058 videtur
1279 3011 1324 3059 hoc

256 3086 330 3134 usqua
344 3070 375 3118 ad
390 3070 417 3118 J.
431 3070 585 3130 (immodum,
601 3071 642 3134 qui
658 3079 724 3120 vetus
737 3087 774 3120 re-
806 3071 903 3120 'l'acitus
916 3073 1026 3132 omisisse,
1040 3082 1082 3122 aut
1094 3075 1199 3122 omittere
1209 3073 1322 3122 debuisse.

257 3134 339 3182 stituit.
364 3133 437 3182 Eun.
473 3136 633 3198 Quinquagier
650 3135 719 3184 etiarn
735 3151 773 3199 ap.
804 3135 884 3200 Atqui
898 3137 942 3184 ista
958 3147 1034 3185 statua
1044 3138 1090 3186 fuit
1103 3138 1129 3185 in
1143 3138 1194 3186 foro
1210 3137 1243 3186 D.
1252 3139 1322 3200 surii,

258 3197 320 3245 Plin.
806 3208 834 3248 ut
843 3210 922 3248 auctor
932 3209 967 3248 est
981 3202 1039 3248 aiter
1050 3201 1143 3249 Plinius
1154 3202 1188 3249 Η.
1201 3202 1234 3250 Ν.
1246 3203 1286 3263 34,
1298 3205 1322 3249 ὅ.

288 3265 368 3310 Boreo
385 3265 503 3330 Salam]
538 3263 603 3328 Lego
620 3263 734 3330 inlepide
746 3277 775 3315 n.
806 3263 913 3327 Opponit
931 3264 997 3312 uobis
1014 3265 1134 3313 Broterius
1154 3265 1232 3313 locum
1251 3266 1324 3314 Plinii

259 3339 377 3374 uenero.
394 3339 494 3377 amna.
514 3341 539 3376 r.
560 3343 675 3378 avemo.
696 3343 774 3377 rvm-
806 3327 911 3388 citatum,
922 3327 947 3375 in
958 3343 1006 3392 quo
1016 3343 1058 3376 nos
1069 3329 1103 3376 nil
1113 3328 1249 3393 reperimus,
1261 3331 1325 3392 quod

258 3403 321 3438 nro.
333 3403 434 3439 annno.
447 3405 518 3441 coss.
552 3393 579 3440 Si
593 3393 622 3440 da
634 3393 688 3452 isto,
704 3393 776 3442 habe
806 3392 961 3440 emendationi
971 3402 1056 3440 nostra
1068 3395 1172 3442 obemeta
1189 3407 1287 3441 namne
1301 3403 1326 3442 et

256 3469 310 3502 mus
320 3454 363 3502 viri
374 3455 467 3504 celebris
479 3457 564 3519 gentile
574 3471 666 3507 nomen.
695 3457 774 3505 lires.
806 3458 948 3504 marmania
954 3457 1050 3516 pallios
1057 3456 1117 3504 nihii
1124 3456 1273 3505 dubitationis
1283 3457 1325 3506 ha·

257 3517 704 3584 Haecinecr.estap.Grut.p.107‚8.
729 3520 776 3569 Sed
806 3521 1325 3584 bent3atoeapublioametpudliceiigere.
1360 3521 1364 3528 '

256 3595 286 3628 ex
302 3582 355 3638 alia,
371 3583 546 3656 quaestapud
563 3583 661 3631 eundem
679 3601 704 3648 p.
716 3585 775 3641 235,
808 3584 880 3632 Ean.
1168 3621 1172 3627 .
1240 3591 1242 3596 '

259 3645 296 3692 10.
312 3646 354 3697 uiri
370 3647 441 3694 iidem
455 3646 543 3696 COSS.
559 3655 631 3711 patet.
646 3647 717 3696 fuisse
732 3651 776 3696 sub
840 3650 912 3696 neae
931 3651 1090 3716 jampridem]
1117 3649 1173 3699 Non
1194 3651 1272 3702 hercle
1292 3651 1326 3700 ita

257 3707 430 3820 Τὶϋετίᾝοεῒ
446 3717 555 3774 quartum
573 3711 736 3770 Consulatum,
753 3720 777 3760 et
808 3711 908 3776 pridem,
927 3713 1067 3778 siJosepho
1084 3715 1110 3762 in
1129 3715 1211 3778 gentili
1230 3716 1327 3764 historia

256 3773 777 3888 aam'....m⁶tuitn..⁷t⁰1
808 3775 1022 3906 iffi&
1081 3778 1327 3891 'malitlffi

256 3899 358 3948 dinariis.
387 3899 497 3949 Ceterum
507 3902 545 3950 vel
555 3902 587 3950 sic
597 3903 682 3966 gentile
692 3917 776 3953 nornen
808 3904 1001 3971 Josephua’imi.
1019 3907 1092 3954 ἁλώσ.
1107 3910 1132 3965 2,
1153 3907 1192 3966 12,
1210 3909 1234 3955 8.
1249 3907 1325 3955 clares

257 3963 387 4013 Bareamm
397 3963 452 4012 hinc
463 3967 612 4028 cognoscitur.
630 3966 702 4015 Enii.
809 3967 875 4014 Μετὰ
885 3972 968 4025 satra,
978 3969 1064 4031 inquit,
1073 3970 1176 4024 Ἰουδαίας
1185 3970 1225 4030 pia
1236 3971 1327 4032 imlrpa·

290 4029 600 4096 Regithrcadtoeoatue]
617 4029 679 4079 Vide
689 4047 775 4096 qnaeso,
808 4049 847 4078 aros
864 4034 950 4087 Φήλικα
966 4033 1002 4079 sta
1023 4033 1158 4086 Πάλλαντος
1177 4031 1271 4094 ἀδελφὸν
1290 4035 1327 4081 ix.

257 4093 401 4154 mancipium
418 4092 462 4141 hoc
518 4103 583 4143 amm
599 4095 729 4144 Pallantem
746 4096 777 4143 ed
809 4094 891 4152 πίμπει
911 4098 952 4148 τῆς
969 4114 995 4141 τε
1012 4095 1192 4150 sammai-‘nai
1208 4098 1328 4161 Σαμαρείας

260 4154 393 4218 Regumsii
433 4172 458 4204 m
504 4167 552 4206 erit
570 4158 713 4222 credo,quia
721 4159 777 4207 Pal·
810 4157 960 4226 aaisssgaiac.
993 4159 1029 4207 Ut
1039 4159 1135 4208 fortasse
1150 4158 1189 4206 hie
1203 4159 1332 4210 monim.

259 4218 294 4266 las
308 4219 392 4282 eliquia
426 4219 503 4284 irgilio
519 4223 616 4286 aliisque
631 4223 691 4272 inter
701 4224 777 4271 Arca·
809 4220 868 4270 dum
889 4222 928 4278 sit,
946 4225 1018 4271 Folia
1039 4224 1103 4270 laad
1122 4223 1218 4284 pridem
1235 4227 1328 4274 Jadaeae

259 4281 420 4347 dum'Reges
453 4284 644 4359 Oopprobrium
671 4287 777 4338 omnium
809 4287 940 4347 impositas.
976 4288 1050 4334 Hunc
1070 4286 1180 4335 libertum
1202 4286 1328 4337 Claudium

259 4343 453 4408 Scipionumr'et
468 4348 602 4414 dignusime
615 4350 710 4399 domino
721 4350 778 4398 Pal·
810 4349 912 4398 Felicem
930 4349 1048 4413 Josephus
1069 4353 1111 4412 20,
1135 4351 1158 4399 6.
1196 4352 1279 4400 Suidas
1302 4352 1328 4398 in

259 4407 339 4458 laute!
366 4410 676 4476 Nes,huncnequisairnum
687 4427 778 4463 servum
812 4413 894 4461 κλαυδ.
927 4413 1072 4477 Ζοιιαωβ,
1094 4417 1132 4476 15,
1150 4417 1174 4464 6.
1191 4416 1327 4481 nominant:
