3042 4950
233 214 385 285 aoso]
625 206 703 265 Lis.
720 206 797 264 xiv.
815 208 901 265 aar.
926 210 970 264 ιι.
1082 194 1084 200 ’
1206 260 1211 271 ,
1238 208 1305 278 201v

234 379 329 457 tione,
348 386 489 450 moestus,
510 383 541 435 et
561 369 650 455 quasi
671 367 876 431 incolumitati
898 389 963 430 suae
981 364 1182 444 insenuisse
1204 360 1297 429 morti

308 462 370 526 ntis
383 457 585 524 inlacrimans.
630 453 713 531 Quia
732 466 835 516 tamen
855 473 927 528 non,
949 462 986 513 ut
1001 450 1164 514 hominum
1178 448 1295 527 vultus,

234 562 279 613 rta
292 548 431 611 locorum
448 541 542 606 facies
559 550 731 614 mutantur,
748 536 1032 621 obversabaturque
1053 535 1146 599 maris
1165 534 1249 600 illius
1265 548 1298 599 et
1322 580 1325 585 -

234 633 361 697 litorum
373 625 489 776 lfimis
515 625 680 711 adspectus
722 636 754 685 et
777 633 874 698 eraut,
893 620 948 707 qui
969 618 1139 697 crederent,
1160 621 1296 693 sonitum

236 718 323 782 tubae
337 738 374 778 co
407 713 468 776 bus
481 712 598 777 circum
612 707 704 773 editis
716 707 922 792 planctusque
933 704 1055 769 tumulo
1064 702 1170 767 matris
1179 703 1296 789 audiri)

236 799 402 887 Neapolim
424 796 583 875 concessit,
608 793 788 878 litterasque
809 792 850 856 ad
873 792 1022 856 Senatum
1048 788 1299 874 misit,=quarum

238 908 360 950 summa
374 896 459 947 erat:
702 939 705 943 ,
1107 888 1109 893 ’

279 971 344 1034 XI.
360 976 382 1009 “
398 970 572 1055 Repertum
586 989 659 1031 cum
673 965 757 1029 ferro
771 982 980 1049 percussorem
998 961 1187 1049 Agerinum,
1201 982 1241 1023 ex
1253 959 1299 1023 in-

236 1055 319 1119 timis
338 1054 369 1119 A
393 1052 525 1139 rippinae
545 1050 675 1128 libertis,
699 1062 731 1111 et
753 1046 846 1111 luisse
864 1068 933 1111 eam
948 1070 1077 1145 poenam
1104 1044 1298 1125 conscientia,

236 1163 301 1227 qua
318 1077 415 1203 suella
436 1137 634 1223 paravisset.’'
677 1131 857 1218 Adjiciebat
871 1132 999 1195 crimina
1011 1132 1063 1195 lon
1088 1132 1135 1195 ’us
1148 1130 1296 1218 repetita;

238 1224 323 1310 quod
346 1220 576 1285 “consortium
599 1216 737 1304 Imperii,
764 1216 980 1301 'uraturasque
1004 1215 1037 1277 in
1071 1216 1179 1279 eminae
1204 1216 1299 1280 verba

239 1306 405 1373 Praetorias
418 1306 568 1383 cohortes,
590 1304 736 1389 idemque
747 1237 890 1366 'dedecus
904 1302 1037 1367 Senatus
1056 1313 1088 1364 et
1102 1299 1218 1384 Populi
1232 1324 1246 1363 s
1286 1340 1300 1353 -

237 1393 382 1457 ravimet:
412 1414 459 1470 ac,
481 1403 684 1487 posteaquam
703 1387 821 1451 frustra
842 1399 950 1473 optata
972 1386 1043 1462 sint,
1065 1384 1185 1449 infensa
1210 1406 1251 1446 mr
1264 1384 1300 1446 iti

242 1478 452 1563 Patribusque
470 1488 502 1539 et
521 1475 617 1561 plebi,
634 1472 827 1538 dissuasisset
844 1472 1027 1536 donativum
1044 1485 1076 1534 et
1099 1468 1301 1555 congiarium,

240 1563 441 1650 periculaque
453 1561 528 1625 viris
540 1558 723 1623 inlustribus
736 1556 940 1624 instruxisset.
985 1559 1111 1634 Quanto
1126 1576 1184 1618 suo
1196 1554 1301 1618 labore

241 1648 464 1735 perpetratum,
479 1668 519 1709 ne
532 1646 723 1729 inrumperet
737 1642 866 1720 curiam,
885 1664 926 1705 ne
965 1641 1088 1705 entibus
1107 1638 1241 1704 externis
1255 1663 1302 1703 re-

243 1754 355 1818 sponsa
367 1732 492 1795 dareti”
508 1732 704 1815 Temporum
718 1750 845 1814 quoque
861 1666 1106 1791 Claudianorum
1117 1724 1245 1811 obliqua
1258 1725 1304 1787 in-

243 1817 419 1895 sectatione,
434 1828 547 1880 cuncta
561 1815 629 1902 ejus
642 1812 860 1877 dominationis
878 1812 997 1899 flagitia
1011 1812 1044 1874 in
1058 1823 1189 1875 matrem
1205 1825 1305 1875 trans·

244 1901 328 1981 tulit,
345 1909 365 1940 “
381 1900 507 1988 publica
520 1900 648 1964 fortuna
661 1898 849 1963 extinctam''
862 1897 1011 1973 referens:
1042 1918 1177 1982 namque
1188 1908 1219 1960 et
1229 1916 1306 1959 nau-

278 2040 359 2086 Morti
375 2038 495 2101 parentis]
516 2035 572 2084 MS.
592 2035 655 2083 Flos.
678 2034 756 2081 Guelf.
823 2037 979 2097 Posteaquam
992 2036 1090 2098 frustra
1107 2034 1194 2097 oblatu]
1212 2034 1304 2097 Perspi-

246 2102 380 2164 (Bud.)cd.
390 2117 426 2163 pr.
438 2100 531 2156 Puteal.
541 2106 759 2161 omnesqueveteres
790 2114 861 2147 cuum
872 2099 990 2147 mendum.
1019 2096 1208 2147 Farnesmbbta.
1235 2098 1306 2145 Forte

216 2222 220 2227 .
246 2172 326 2212 morte.
360 2164 461 2211 Dativus
475 2162 576 2210 solennis
590 2161 646 2209 huic
657 2163 725 2209 verbo
736 2170 759 2207 et
790 2162 900 2211 intercisae
922 2176 987 2211 voces
1006 2163 1140 2226 explendem
1159 2164 1259 2225 srustro
1277 2164 1305 2209 ab

247 2231 389 2276 illuminasse
399 2228 471 2275 morti
481 2226 542 2273 dixit
552 2225 633 2273 Cicero
644 2224 676 2272 N.
689 2224 722 2271 D.
733 2226 759 2284 3,
791 2227 833 2273 illa
844 2233 932 2275 tentata
943 2229 997 2274 sint.
1031 2228 1083 2275 Aut
1098 2226 1176 2289 potius
1190 2224 1308 2273 adherea-

247 2294 287 2341 33.
306 2294 340 2339 At
348 2307 390 2339 nec
400 2290 643 2340 ablativumvitiosum
653 2288 761 2337 dixerim.
792 2290 1235 2352 musRomanalectioni,optotasiat.
1264 2290 1306 2337 Iu·

248 2355 429 2419 Intelligendum
440 2358 472 2402 in.
505 2354 544 2401 Ita
559 2355 704 2400 illacrimore
720 2354 761 2400 ab·
792 2364 910 2417 terpretor‚
926 2363 1075 2419 posteaquam
1090 2355 1175 2403 smstra
1188 2369 1215 2402 ea
1228 2354 1307 2402 volue-

248 2420 321 2468 solute
338 2419 473 2478 dicitur,.ut
487 2433 555 2482 saepe,
574 2416 657 2480 virgil.
676 2416 761 2480 Georg.
794 2419 824 2466 rit
834 2418 966 2482 voventque
975 2419 1115 2483 Agrippina.
1139 2419 1215 2466 lars.
1245 2418 1308 2466 Con·

250 2487 338 2544 1,480.
350 2484 478 2531 satanas
493 2482 586 2543 templis
600 2484 664 2540 ebur,
678 2481 694 2528 i.
706 2497 726 2529 e.
737 2483 762 2529 in
791 2483 899 2544 Jiciebam
910 2498 938 2530 ac
948 2491 1099 2544 posteaquam
1104 2484 1209 2546 fustra
1223 2490 1309 2530 matas-

248 2548 348 2610 templis.
389 2546 498 2594 Gustum
516 2553 569 2608 post
585 2547 668 2593 testari
685 2545 760 2605 colon,
793 2555 842 2594 set.-
855 2561 938 2609 nempe
946 2546 1204 2659 quaedixiqppuanme
1215 2547 1307 2595 Gnosi.

248 2620 334 2674 etpost
343 2612 489 2658 {Haesimus
499 2617 613 2674 punctum
627 2608 761 2656 essedebet.
794 2611 884 2659 Omnes
900 2611 964 2668 editi,
981 2626 1038 2673 quos
1070 2611 1110 2668 'i,
1129 2613 1167 2672 (ut
1178 2611 1232 2659 Put.
1249 2611 1276 2658 it.
1288 2626 1310 2660 e.

250 2675 459 2724 Tacitemutatum
470 2673 720 2729 estinmortt,nesoio
733 2686 764 2718 sn
794 2673 872 2736 Bud.)
893 2676 975 2722 oblate.
1017 2676 1063 2723 Per
1085 2675 1156 2723 Rom.
1177 2675 1309 2736 lectionem,
1371 2699 1372 2703 =

249 2755 262 2788 e
279 2739 344 2787 libris
363 2738 459 2801 scriptis,
476 2738 608 2799 habentque
622 2736 689 2798 Lips.
722 2735 764 2782 Pi·
795 2753 867 2800 quam
886 2739 982 2802 Lipsius
1000 2739 1087 2798 laudat,
1110 2739 1238 2802 intelligam
1260 2739 1309 2788 Va·

249 2803 327 2852 ebena.
364 2803 424 2850 Mox
435 2802 641 2863 obversabaturque
651 2801 709 2848 bene
721 2799 764 2846 Pi·
796 2802 866 2849 ticani
889 2803 939 2850 cod.
962 2803 1017 2850 MS.
1039 2817 1094 2850 narrt
1116 2803 1140 2850 in
1162 2803 1197 2850 ed.
1219 2819 1254 2866 pr.
1276 2812 1311 2852 est

249 2867 322 2915 chena
337 2867 415 2914 eMS
433 2866 497 2917 Flor.
530 2865 596 2912 Ante
613 2863 665 2912 edd
685 2877 765 2912 omnes
796 2868 880 2914 oblatu.
901 2867 976 2926 Qua
992 2875 1071 2915 sutem
1090 2867 1128 2926 sit,
1146 2881 1176 2914 ex
1191 2882 1238 2930 qus
1252 2867 1310 2916 Aci-

250 2931 401 2993 sinecopula.
433 2927 618 2978 EnmutBud.
796 2929 871 2978 dalius
889 2931 969 2978 laudat
985 2937 1085 2994 captata,
1100 2930 1182 2979 nescio
1216 2932 1255 2980 Sic
1270 2946 1311 2982 vo-

282 2997 400 3042 Locorem
414 2994 504 3058 sacia]
523 2994 608 3040 Facies
624 3005 670 3040 non
689 3000 724 3039 est
740 2992 765 3038 in
795 2992 858 3042 lebat
878 2994 903 3041 J.
928 2995 1030 3043 Gronov.
1071 2995 1127 3044 MS.
1149 2994 1212 3042 Flor.
1234 2998 1311 3044 abluto

251 3058 307 3106 MS.
326 3059 406 3106 Oxou.
447 3054 765 3117 maritumamque,
797 3065 824 3104 ut
846 3058 939 3106 Fames.
960 3067 1049 3122 optata.
1122 3061 1141 3108 it
1162 3059 1266 3108 Freinsh.
1288 3067 1311 3109 et

251 3122 372 3170 commode
382 3124 460 3171 abasse
475 3128 558 3184 potest,
576 3128 606 3178 et,
624 3120 644 3168 si
660 3119 715 3167 satis
730 3134 767 3166 re-
789 3120 873 3184 ·Ryck.
907 3123 969 3171 Mox
980 3124 1101 3172 melitiani
1117 3125 1178 3186 ipro
1187 3126 1310 3184 militibus,

251 3186 326 3233 tinens
348 3186 465 3234 brevitatis
489 3184 535 3231 fuit
560 3183 665 3242 Tacitus,
690 3183 765 3230 debet.
797 3201 826 3233 ex
846 3186 899 3234 MS.
919 3187 1067 3236 Flor.eted.
1083 3203 1118 3250 pr.
1135 3188 1217 3251 (sicet
1232 3189 1310 3250 Bud.)
1404 3217 1407 3226 ·

251 3249 308 3297 Fuit
320 3249 424 3310 fortasse,
440 3248 588 3312 quinalium
604 3247 633 3294 de
648 3246 704 3295 locis
718 3261 765 3294 non
797 3253 944 3299 Instructius
965 3251 1044 3300 vitiose
1064 3260 1163 3314 utraque
1183 3251 1313 3300 Gmnovia-

251 3321 410 3376 concoqueret,
426 3327 468 3360 uec
482 3310 623 3359 meminisset
632 3311 768 3359 iliiusOvi·
798 3328 836 3361 na.
864 3314 935 3362 Eun.
964 3315 1313 3378 RhenconJiciebatsrastreta

252 3377 316 3424 diani
328 3377 389 3424 Met.
402 3379 426 3435 l,
437 3376 460 3424 6.
472 3391 533 3423 usus
549 3381 600 3422 erat
615 3382 663 3422 toto
673 3381 766 3422 amarae
798 3381 847 3426 stt.-
865 3379 890 3426 id
908 3389 931 3426 st
947 3377 1048 3426 Danesio
1065 3380 1177 3441 placebat,
1192 3387 1250 3428 teste
1267 3381 1312 3428 Ur.

163 3495 171 3505 ‚
232 3442 439 3488 scammuse.
463 3438 697 3502 EtiamVirgilius5,
710 3439 766 3486 848.
798 3443 855 3490 sino.
892 3441 1230 3504 Heinscoeptaterel'conata.
1251 3444 1313 3492 Gm«

251 3506 327 3552 maris
338 3507 430 3552 vebum
440 3503 506 3551 dixit.
534 3503 588 3562 Sed,
599 3512 627 3551 ut
636 3519 696 3566 saepe
707 3502 766 3562 dixi,
798 3505 878 3554 slotius
888 3505 946 3568 legit
955 3513 1042 3568 optata
1310 3546 1315 3553 .

251 3581 328 3628 nemo,
348 3583 390 3616 nec
409 3567 512 3623 Tacitus.
531 3567 566 3616 ita
584 3567 700 3615 brevitatis
719 3581 767 3614 ser-
833 3572 953 3633 Responsa
964 3573 1043 3635 duret]
1056 3571 1202 3620 Idtentarat.
1228 3571 1261 3622 V.
1274 3574 1312 3634 13,

252 3646 309 3679 vans
319 3640 361 3690 est,
373 3640 400 3679 ut
413 3632 521 3694 nuspiam
536 3631 625 3694 aliquid
639 3631 768 3678 redundare
800 3638 823 3682 5.

165 3742 168 3747 ,
253 3695 319 3744 sinat.
358 3696 410 3744 Nec
429 3704 478 3743 tarn
495 3711 573 3744 severa
591 3695 719 3742 constamis
738 3697 768 3742 sb
836 3699 934 3760 Obltpso
954 3701 1103 3746 encausticae
1136 3699 1225 3762 Vulgo,
1245 3709 1268 3749 et
1285 3701 1313 3748 h'.

253 3758 418 3822 ulloscriptore
547 3759 583 3807 ds.
609 3758 670 3807 Mox
679 3761 769 3805 circum
800 3762 848 3809 bris
869 3762 965 3826 scriptis,
987 3765 1065 3822 oblita,
1093 3701 1218 3824 danatus,
1246 3766 1313 3812 obito.

254 3823 433 3870 absstaGuelf.
491 3836 540 3871 uu.
762 3873 766 3878 ,
802 3823 888 3874 Nostr'a
902 3825 1032 3875 emendatio
1047 3835 1109 3876 certa
1124 3827 1213 3874 videtur
1232 3844 1261 3876 ex
1278 3845 1315 3876 rs·

286 3889 371 3935 Laisse
381 3902 432 3934 eam
439 3905 467 3950 p.
478 3889 511 3952 c.]
525 3887 629 3936 Haecest
637 3887 704 3935 lectio
714 3885 771 3934 MS·
801 3889 863 3938 tione
883 3890 957 3953 prisca
973 3891 1093 3949 scribendi,
1114 3893 1192 3940 oblico.
1236 3892 1313 3940 ers.

254 3950 320 4001 Flos.
332 3951 410 3999 Guelt'.
428 3952 480 4000 edd.
491 3968 526 4014 pr.
542 3960 565 4000 et
580 3960 705 3999 ceterarum
716 3957 770 3997 ante
804 3954 883 4001 Oblita
893 3954 962 4002 etism
974 3955 1028 4004 MS.
1040 3955 1078 4002 ΓΙ.
1089 3953 1174 4016 (Bud.)
1186 3955 1222 4004 ed.
1236 3971 1271 4020 pr.
1291 3968 1315 4006 st

256 4013 332 4062 Rhea.
347 4015 389 4078 qui
399 4031 426 4063 ee
436 4015 517 4074 edidit,
528 4031 571 4063 nec
584 4015 715 4063 necessitate
728 4030 768 4060 ur·
801 4019 893 4079 obliquo
903 4018 957 4066 MS.
968 4020 1027 4082 Agr.
1044 4019 1116 4067 Eun.
1160 4057 1164 4062 .
1313 4032 1315 4040 ’

255 4089 331 4140 gente,
342 4093 384 4126 nec
395 4082 486 4140 εὐφωνίᾳ
496 4080 589 4128 ferente.
623 4079 699 4140 Igitur
709 4080 769 4126 bene
834 4083 932 4129 Publica
943 4083 1052 4129 Fortuna
1064 4085 1215 4148 exstinctam}
1233 4083 1266 4133 Et
1279 4086 1316 4134 in.

257 4141 458 4192 delesitPichcua.
488 4142 560 4190 Burs.
594 4143 658 4191 Bud.
669 4158 720 4189 eom
727 4158 770 4204 pe-
818 4145 882 4194 rimis
892 4146 964 4210 ipsius
975 4147 1071 4208 privata.
1104 4147 1168 4196 Hinc
1183 4148 1250 4208 iilud,
1263 4141 1317 4209 jure
1365 4143 1367 4147 ’

256 4220 432 4253 smmeacoasc.
448 4207 518 4255 etsie
534 4208 611 4255 Rhea.
629 4207 712 4255 Heius
728 4221 770 4270 pro
802 4161 922 4258 laudatum
932 4209 1046 4268 Quinctil.
1058 4213 1082 4271 8,
1094 4213 1116 4259 5.
1143 4212 1317 4264 AfricaniOrs.

257 4284 308 4314 eom
320 4270 483 4316 volebatclom.
802 4274 857 4322 toris
878 4274 907 4322 ad
930 4275 1047 4322 Neronem
1070 4290 1138 4339 super
1160 4277 1203 4324 hac
1225 4289 1314 4326 morter

290 4333 434 4396 Aryicieiot]
452 4334 514 4382 Bud.
535 4337 653 4390 adiciebat,
674 4337 707 4383 its
726 4335 770 4382 fre·
803 4338 899 4397 Rogant
912 4344 942 4397 tc,
956 4339 1041 4398 Caesdr,
1056 4340 1140 4387 Gallim
1152 4347 1206 4396 tea,
1217 4349 1244 4390 st
1256 4344 1317 4406 scli-

257 4406 362 4459 quanter,
373 4395 436 4444 utin
447 4397 498 4446 aliis
506 4400 607 4462 antiquis
620 4398 743 4448 codicibus.
803 4401 896 4449 citatem
908 4404 1158 4466 trmmsortiterscros.
1176 4404 1251 4454 Insa.
1270 4405 1316 4455 Sed
