3042 4950
256 216 316 276 250
526 267 530 271 ,
680 206 897 270 ANNAaIUM
1146 210 1233 283 [au.
1247 210 1317 267 816.

252 374 330 437 dum
337 388 450 435 mamis
458 368 677 455 aliarpermeat,
685 368 785 437 multa
796 385 949 448 seeunrra,
961 368 1191 465 quaestusque
1198 368 1315 435 bellum

251 456 476 522 evalescerent:
506 454 642 540 denique
663 469 719 519 aut
744 455 876 521 salutem
898 455 954 521 tali
978 453 1105 519 consilio
1126 454 1238 540 quaeri,
1259 470 1315 520 aut

249 540 470 691 uthillffiavius
482 538 622 620 audenti,
637 563 732 627 quam
747 540 873 627 ignavo,
887 540 1071 627 patiendum
1085 540 1179 603 esse.''

379 672 388 689 .
404 625 470 691 Sed
484 624 636 690 Plautum
650 648 687 689 ea
700 647 764 689 nou
778 648 921 690 movere:
939 625 1002 689 sive
1012 624 1130 688 nullam
1138 648 1229 711 ορεινν
1243 648 1314 712 pro-

239 712 377 777 'videbat
397 710 522 775 inermis
542 723 576 774 at
598 733 639 775 ue
658 710 760 789 exsul,
783 733 838 774 seu
859 710 954 775 tedio
982 710 1156 796 ambiguae-
1169 712 1244 796 spei,
1263 715 1313 776 'an

247 820 351 863 amore
365 796 510 883 eonjugis
523 807 556 859 et
568 734 750 875 liberorum,
765 794 881 881 quibus
895 794 1123 882 placabiliorem
1138 795 1204 859 fore
1219 795 1312 861 Prin·

248 882 349 969 cipem
360 882 499 959 rebatur,
510 879 598 943 nulla
608 879 814 944 sollieitudine
822 881 994 945 turbatum.
1013 881 1104 958 Sunt,
1114 879 1169 965 qui
1179 887 1199 918 “
1209 881 1313 947 aliosa

248 965 944 1051 soceronuntiosvenisse”ieraut‚“tamquam
952 964 1309 1042 nihilatroxurminerets

247 1051 452 1137 doctoresque
473 1049 641 1136 sapientiae,
664 1051 835 1116 Coerauum
858 1049 980 1129 Graeci„
1002 1049 1188 1115 Musonium
1214 1051 1311 1115 Tusoi

244 1135 379 1221 generis,
394 1134 598 1200 constantiam
611 1136 811 1223 opperiendae
825 1136 944 1215 mortis,
953 1135 1136 1221 momcerta
1144 1148 1177 1198 et
1188 1136 1311 1221 trepida

246 1220 322 1301 vita,
338 1220 497 1287 suasiaoess'
538 1221 699 1307 Repertus
711 1235 758 1285 est
771 1233 865 1298 certe,
886 1244 944 1307 per
953 1220 1095 1285 medium
1113 1218 1186 1297 diei,
1207 1220 1312 1286 nudus
1326 1224 1329 1233 '

247 1306 446 1371 exercitando
459 1307 589 1393 corpori.
634 1306 747 1371 Talem
761 1328 834 1369 eum
850 1305 1000 1369 Centurio
1014 1304 1192 1384 trucidavit,
1207 1308 1311 1371 soram

246 1393 297 1471 Pe,
426 1391 575 1478 spadone,
589 1414 684 1478 quem
698 1394 785 1455 Nero
796 1390 983 1456 'Centurioui
994 1402 1026 1454 et
1035 1389 1207 1475 manipulo,
1221 1394 1311 1476 quasi

246 1491 311 1540 sate
335 1478 429 1541 'tibus
439 1476 616 1539 ministrum
626 1477 761 1563 regium,
774 1488 996 1562 praeposuerat.
1041 1478 1088 1540 Ca
1111 1487 1147 1539 ut
1157 1474 1311 1540 interfecti

245 1562 397 1626 relatum:
435 1560 527 1648 eujus
559 1561 721 1647 adspectu,
751 1560 833 1647 (ipsa
861 1560 1015 1647 Principis
1043 1498 1138 1623 verba
1164 1562 1309 1639 referam)
1341 1612 1342 1615 ,

156 1678 168 1693 ι
248 1652 270 1685 “
285 1644 399 1727 Quin‚”
408 1644 526 1732 inquit,
542 1652 564 1683 “
579 1646 679 1726 Nero,
691 1644 832 1732 deposito
842 1658 940 1725 metu,
955 1646 1081 1731 nuptias
1095 1646 1254 1732 Poppaeae,
1268 1647 1310 1711 ob

280 1834 339 1889 Quo
354 1833 386 1878 ad
406 1846 479 1892 arque
497 1830 583 1877 mum
598 1830 763 1895 armarent]
827 1832 963 1881 centurioni
973 1836 997 1879 et
1011 1827 1141 1893 marturum]
1155 1830 1244 1878 Parum
1255 1824 1311 1895 pro'-

244 1894 285 1944 sic
303 1896 358 1943 MS.
376 1896 414 1943 Fl.
429 1894 489 1956 Agr.
509 1893 589 1941 uuelt
606 1894 658 1941 edu
675 1908 762 1942 omues.
793 1895 843 1957 prie
859 1896 987 1957 muuijrula
1008 1900 1012 1905 '
1026 1894 1102 1941 Erant
1120 1894 1239 1955 sexaginta
1258 1902 1312 1941 tarr·

244 1958 545 2007 AbOxou.abestbellum.
557 1957 764 2018 Rhenanuseonji-
793 1966 846 2005 tum
869 1962 902 2021 (v.
920 1974 939 2006 o.
956 1956 1017 2021 su),
1034 1958 1075 2021 qui
1091 1972 1137 2005 non
1154 1957 1241 2007 sauunt
1259 1972 1310 2005 ma·

243 2022 282 2134 {a
311 2025 386 2085 quood
412 2036 484 2083 usqae
511 2022 594 2069 &Ham
621 2024 764 2070 eoakscrret.
792 2020 911 2134 ηἰρῑιέἒιινῖ,
930 2030 965 2133 pp!
978 2023 1050 2134 puolo.
1066 2020 1269 2133 libnedmtadelh
1291 2023 1310 2069 1.

269 2100 317 2135 nrt.
792 2102 825 2148 pu
867 2102 899 2133 a.
965 2102 986 2133 er
1013 2102 1024 2133 r
1212 2101 1227 2132 ν
1283 2102 1310 2135 ro

277 2150 405 2199 emaum
417 2152 506 2210 Graeca
518 2150 661 2197 Maeoniam
675 2149 748 2196 Tusci
791 2152 902 2209 centuria,
924 2166 977 2213 quae
998 2102 1116 2213 saginae
1133 2149 1164 2197 ad
1182 2102 1310 2198 minimim

244 2213 357 2264 caranus
376 2214 438 2263 mihi
461 2214 604 2278 irrepertus;
632 2214 678 2261 nisi
698 2229 715 2276 q
790 2213 898 2274 habebat,
910 2221 952 2261 aut
960 2228 1003 2276 pro
1014 2228 1087 2262 mauu
1099 2228 1244 2277 quacunque.
1261 2213 1310 2263 Pro

244 2277 337 2327 Plinius
355 2278 437 2327 Indiae
453 2278 508 2326 libri
526 2280 550 2325 2.
566 2278 627 2325 iuter
648 2288 759 2338 auctores,
790 2278 893 2325 centuria
919 2278 983 2341 apud
1009 2278 1120 2325 Tacitum
1146 2277 1202 2334 diei,
1238 2278 1309 2325 etiam

243 2358 304 2405 quos
313 2342 450 2403 delibitavit,
459 2349 563 2389 recenset
575 2344 700 2390 Caranum.
729 2342 760 2389 In
772 2386 782 2401 χ
793 2341 885 2389 Schelio
901 2341 931 2390 ad
948 2342 1039 2403 Hygin.
1057 2357 1081 2403 p
1098 2344 1122 2389 4.
1136 2340 1251 2402 placebat,
1267 2340 1311 2389 ubi

241 2406 335 2454 Setreaae
347 2404 397 2470 up.
406 2407 447 2453 66.
463 2406 531 2453 valde
547 2407 674 2458 celebratur
689 2405 761 2466 hujus
791 2404 873 2453 rectius
884 2405 907 2452 lu
919 2406 936 2451 l.
948 2420 1004 2453 usus
1015 2412 1081 2452 esset.
1107 2402 1137 2450 In
1147 2403 1212 2463 locis,
1224 2404 1265 2467 qui
1275 2404 1309 2453 rbi

242 2470 286 2519 arvi
316 2472 433 2520 Claranus
459 2468 556 2534 quidam
583 2468 758 2533 Philosophus:
791 2470 896 2518 alibro
914 2471 936 2517 1.
956 2468 1089 2530 laudantur,
1105 2467 1196 2532 proprie
1212 2470 1307 2520 rubum

241 2535 359 2599 numquid
374 2534 408 2582 rbi
426 2535 560 2583 Caranus?
577 2542 619 2581 aut
634 2534 716 2596 magis,
734 2534 760 2582 in
790 2533 863 2596 accipi
873 2541 955 2597 potest.
987 2533 1059 2581 Ena.

242 2597 327 2646 Tacito
336 2599 480 2647 eurenais
491 2597 670 2646 SedMusonius
677 2597 762 2652 notior,
825 2599 904 2660 Caput
919 2597 1037 2660 incepisti
1054 2597 1165 2659 relatum]
1185 2596 1241 2646 Nou
1254 2611 1308 2660 ergo

241 2661 625 2728 qni'Vulsiuiisinntrurianatus,
636 2663 761 2722 Equestris
789 2661 852 2710 idem
872 2662 911 2710 hio
937 2661 977 2709 ille
999 2662 1106 2721 Hautus,
1134 2662 1202 2722 eujus
1228 2675 1307 2708 necem
1390 2703 1397 2708 .

241 2725 460 2786 ordiniastadiam
471 2725 658 2788 pbilosopbioeet
669 2727 761 2786 placito
790 2726 913 2774 Suetonius
931 2726 1020 2773 rettulit
1041 2741 1062 2773 a.
1084 2727 1124 2774 35.
1158 2725 1214 2772 Non
1232 2724 1308 2772 hercle

241 2793 377 2840 Morum
391 2791 515 2837 emutatus
530 2796 572 2848 ert,
589 2789 623 2835 ait
637 2798 714 2838 noster
725 2788 759 2836 Η.
789 2787 1054 2849 idem,mu1taobstant‚
1086 2789 1193 2847 Primum
1201 2787 1240 2836 ille
1250 2789 1310 2836 iuter

240 2855 318 2915 ³‚Bl.
334 2853 440 2903 Nomina
449 2853 486 2900 illi
496 2853 524 2901 C.
536 2852 661 2900 Musonius
672 2852 763 2912 Rufus·
790 2868 880 2916 pueros,
899 2862 941 2902 aut
957 2861 1017 2902 certe
1039 2861 1105 2901 aetate
1123 2853 1215 2900 inferior
1234 2868 1307 2915 quam

241 2920 320 2967 utiex
331 2919 413 2966 Tacito
421 2917 455 2966 Η.
463 2919 489 2976 4,
497 2916 658 2965 matutinis
668 2917 762 2980 oolliges
792 2917 872 2964 Nero:
894 2921 984 2982 (stupro
1002 2917 1064 2965 enim
1083 2925 1136 2965 ante
1153 2924 1250 2964 mortem
1270 2915 1307 2963 iili

241 2982 288 3046 Ep.
312 2985 337 3044 3,
359 2983 397 3029 ll.
438 2980 571 3044 Super-vixit
588 2981 618 3028 ad
635 2980 761 3044 imperium
790 2979 906 3044 oogrritus)
924 2991 949 3030 at
965 2981 1009 3030 iste
1024 2982 1138 3044 grandior.
1161 2981 1207 3029 Ille
1223 2979 1308 3028 Romae

240 3046 388 3110 Vespasiani,
404 3054 433 3094 ut
445 3046 592 3108 jureculpes
602 3044 708 3104 Suidam,
724 3045 760 3092 in-
789 3044 861 3094 fuisse
877 3045 965 3106 debuit,
983 3061 1037 3094 aum
1054 3062 1125 3094 casus
1141 3053 1190 3103 est;
1206 3044 1231 3092 in
1247 3045 1308 3092 Asia

240 3110 566 3169 terfeetumeumaNsrone,
582 3109 619 3157 bis
635 3107 760 3156 adfirman-
789 3107 840 3157 iste.
881 3109 926 3158 Ille
948 3111 999 3159 viva
1020 3110 1160 3174 Agrippeia,
1185 3108 1308 3156 hiemar-

240 3184 296 3224 tem.
337 3173 400 3223 vide
414 3188 470 3221 eum
487 3173 512 3220 in
530 3187 585 3221 vose
603 3173 720 3226 Μονσόνιοε
736 3183 760 3220 et
790 3180 832 3221 tua
847 3174 937 3237 pridem
956 3174 1094 3222 interfectus.
1136 3173 1221 3236 Itaque
1238 3172 1307 3220 illum

240 3244 364 3303 κορνοῦεες.
381 3237 598 3301 Meliusveriusque
606 3235 760 3286 Philostratus
790 3251 844 3284 cum
856 3238 921 3286 libris
960 3238 1024 3286 'uot
1040 3239 1115 3286 verius
1130 3247 1173 3296 est,
1191 3237 1223 3284 A.
1234 3237 1308 3284 Plau-

239 3303 265 3362 7,
289 3304 327 3350 16.
350 3303 392 3378 qui
409 3301 549 3349 Musonium
567 3299 717 3364 Tynhmum
733 3300 759 3348 in
789 3300 849 3349 tium
866 3303 949 3356 vocari,
988 3302 1046 3349 lium
1068 3301 1162 3352 fortasse
1184 3302 1242 3362 ejus,
1264 3301 1307 3364 qui

239 3367 336 3430 Gyaron
357 3367 457 3425 maulam
479 3366 608 3427 projectum
630 3379 644 3410 a
666 3363 760 3412 Nerone
777 3363 818 3412 'da
839 3366 959 3421 Britannis
976 3365 1135 3429 triumphavit.
1179 3365 1241 3413 Cum
1263 3379 1307 3412 no·

238 3431 341 3492 scripsit.l
367 3431 439 3480 Unde
448 3429 524 3486 rediit,
539 3427 644 3476 rumille
658 3427 758 3476 abiisset.
788 3435 835 3476 stro
860 3429 904 3478 isto
930 3430 950 3478 si
975 3429 1097 3478 confundis
1117 3429 1193 3492 (quod
1217 3428 1307 3476 faciunt

238 3495 315 3543 Imus.
339 3495 386 3542 Ed.
397 3511 432 3559 pr.
445 3493 537 3541 Puteal
549 3495 683 3546 emonam,
695 3491 758 3554 quod
787 3492 886 3554 plures),
905 3494 1022 3558 quomodo
1039 3493 1076 3542 vel
1091 3493 1136 3540 hac
1153 3501 1218 3557 parte
1235 3493 1307 3540 Taci-

238 3557 339 3606 restituit
350 3558 480 3606 Rhenanus
489 3559 516 3619 (e
525 3557 601 3616 Bud.)
614 3571 668 3604 cum
684 3554 709 3602 in
720 3555 758 3604 ed.
787 3563 838 3603 tum
856 3572 910 3606 oum
929 3558 1039 3608 Suetonio
1057 3559 1149 3620 junges,
1169 3557 1211 3620 qui
1228 3557 1306 3604 diver·

238 3622 345 3670 nonus
363 3637 437 3670 enare
451 3635 573 3684 operarum
590 3620 680 3669 laetum
698 3627 758 3667 esset
787 3619 876 3669 sisaim
887 3621 986 3672 Neronis
997 3623 1066 3670 verba
1081 3621 1238 3684 depromunt?
1255 3619 1305 3668 Dio

240 3689 381 3745 Odiosum,
400 3685 509 3749 quodque
524 3692 616 3732 secutus
631 3683 686 3732 Alc.
718 3683 758 3732 De
787 3699 818 3731 au
833 3685 863 3734 de
879 3684 922 3734 hoc
941 3685 1027 3734 Plauto
1044 3685 1134 3732 locums
1155 3683 1186 3731 sit
1203 3685 1245 3742 62,
1265 3683 1305 3732 14.

239 3750 352 3800 Musonio
362 3749 421 3798 adde
431 3747 507 3814 Ryck.
521 3747 551 3796 ad
562 3749 615 3796 ul.
647 3747 757 3811 Ceterum
788 3749 872 3798 nucia.
916 3751 955 3796 'rb
982 3749 1002 3808 γ’
1033 3746 1065 3794 οὖν
1094 3751 1192 3796 Πλοῦτον
1218 3747 1304 3811 (sariba

239 3814 346 3872 atheIfl
356 3822 433 3861 totum
448 3814 493 3861 hoc
506 3813 757 3872 Coeranum-geueris
789 3811 903 3875 Πλαῦτον)
915 3814 1051 3870 ἀποκτείνας,
1062 3811 1140 3860 ἔπειτα
1154 3813 1192 3866 τὴν
1205 3813 1304 3872 κεφαλὴν
1344 3804 1350 3826 '

237 3881 310 3928 abest.
342 3877 414 3926 ERN.
453 3877 492 3924 De
508 3875 620 3924 Musonio
636 3891 659 3922 V.
675 3884 699 3922 et
717 3877 756 3935 15,
788 3877 852 3924 αὐτοῦ
867 3879 1051 3942 προσενεχθεῖσαν
1068 3879 1087 3922 al
1102 3871 1157 3934 ἷδὼν,
1176 3877 1220 3920 Οὐκ
1241 3873 1305 3930 ἥδενν,

237 3943 277 3999 71.
289 3942 330 3991 ubl
340 3943 366 3989 in
377 3942 474 3990 exilium
485 3949 550 3989 aetus
565 3940 671 3988 scrl'bltur
686 3947 711 3986 et
726 3938 756 3986 (le
787 3936 837 4000 ἔφη,
850 3939 885 3986 ἔτι
901 3941 1000 4000 μεγάλην
1012 3943 1056 4003 ῥῖνα
1072 3938 1133 4002 εἶχεν.
1166 3937 1229 3984 Nam
1241 3943 1264 3983 et
1275 3953 1304 3984 ea

237 4005 384 4072 philosophia
393 4005 509 4053 laudatur.
784 4005 854 4050 verba
864 4003 990 4052 diversaab
998 4003 1054 4052 istis.
1069 4003 1130 4061 Quis
1138 4010 1214 4048 tamen
1225 4009 1304 4064 neget,

270 4073 435 4120 Cumauam
471 4069 617 4132 opperienda
657 4063 753 4132 mortis]
782 4065 934 4128 quinethaee
944 4067 1044 4130 potuerit
1055 4067 1200 4128 adjungere?
1224 4063 1300 4112 Iura.

170 4186 175 4195 x
234 4135 347 4184 Heinsius
362 4134 497 4198 corrigebat,
514 4134 644 4195 oppetenda
659 4135 752 4191 mortis,
818 4131 945 4195 Rfferam]
958 4130 1021 4179 Bud.
1032 4131 1169 4194 referebant.
1185 4127 1301 4178 Montu-

234 4200 298 4262 quod
307 4214 387 4248 verum
398 4199 504 4248 viseum
519 4199 554 4260 (et
564 4196 642 4244 Boxh.
649 4192 751 4258 probat.)
777 4195 890 4256 ponuat.

233 4264 259 4309 in
273 4261 354 4311 Guelf.
372 4270 408 4310 est
423 4263 590 4325 opprimendas,
610 4261 713 4309 alsenam·
726 4260 751 4306 in
818 4260 891 4318 Quas,
911 4259 999 4324 iuquit]
1017 4259 1072 4308 MS.
1090 4257 1152 4308 Flor.
1175 4259 1210 4321 (et
1226 4253 1302 4318 Bud.)

232 4326 344 4389 margum.
362 4326 625 4398 murmurosorum
633 4327 665 4374 P.
676 4323 750 4374 Eun.
785 4325 837 4374 Cur
848 4325 864 4370 ν’.
876 4325 913 4372 Ν.
925 4330 948 4372 et
958 4327 1134 4388 positorum.¹
1151 4321 1231 4372 Etiam
1246 4321 1302 4371 itis‘.
