3042 4950
191 251 201 266 p,
258 192 318 251 aar
618 195 903 287 ganuinium
1012 176 1016 181 ’
1148 205 1321 277 [nasis.

249 377 375 423 rumore
396 355 516 442 populi,
540 356 596 444 qui
620 358 774 424 neminem
801 362 865 425 sine
885 363 998 427 aemulo
1019 363 1102 442 sinit,
1126 364 1321 430 Corbulonis⁴

247 454 458 508 concertator:
474 455 671 530 receptaeque
682 448 838 531 Armeniae
849 449 944 511 decus
958 471 1093 535 aequare,
1104 448 1229 513 domitis
1244 474 1313 536 per-

246 526 414 605 duellibus,
434 528 570 614 cupiens.
616 529 720 615 Igitur
735 532 866 596 Monam
890 533 1034 613 insulam,
1056 534 1163 613 incolis
1178 535 1312 599 validam

177 614 202 635 ”
245 624 279 683 et
292 612 520 699 receptaculum
535 614 751 762 perfuparum
772 618 902 703 adgredi
920 631 1021 703 parat,
1034 640 1196 706 navesque
1216 622 1314 685 fabri-

246 712 336 788 catur
358 698 453 785 plano
477 699 576 776 alveo,
602 723 621 763 a
644 723 751 764 versus
773 702 867 765 breve
890 701 965 767 litus
988 718 1019 768 ct
1042 703 1203 770 incertum.
1258 708 1311 771 Sic

245 783 361 869 pedes:
384 784 503 867 equites
516 785 598 849 vado
611 784 719 863 secuti,
734 799 792 851 aut
805 787 929 853 altiores
944 789 1025 853 inter
1038 789 1148 869 undas,
1160 790 1311 857 adnantes

247 868 347 955 equis,
362 868 566 933 transmisere.
1227 890 1247 943 .’

175 963 177 966 ’
214 956 217 961 ’
290 954 411 1017 ΧΧΧ.
426 953 538 1030 Stabat
570 954 703 1022 rolitore
711 955 833 1021 diversa
847 959 937 1038 acies,
953 960 1048 1026 densa
1058 961 1151 1026 armis
1162 962 1309 1050 virisque,

170 1123 173 1128 y
245 1038 525 1104 intercursantibus
537 978 669 1118 tldmiuis,
687 1041 720 1104 in
739 1042 869 1106 modum
884 1044 1066 1126 Furiarum,
1078 1070 1152 1134 quae
1167 1060 1250 1112 veste
1264 1050 1309 1115 fe..

172 1153 174 1156 ·
245 1124 312 1202 reli,
328 1124 465 1187 crinibus
478 1123 618 1211 dejectis,
628 1126 711 1190 laces
720 1128 947 1216 praeierebant:
973 1132 1169 1219 Druidaeque
1183 1132 1309 1211 circum,

170 1219 175 1230 ⁶
244 1232 351 1299 preces
372 1208 466 1286 diras,
489 1210 618 1275 sublatis
641 1210 683 1274 ad
705 1210 818 1275 coelum
844 1216 997 1294 manibus,
1019 1218 1196 1299 fundentes,
1220 1219 1310 1301 ,novi-

170 1325 172 1329 ’
244 1309 309 1361 tate
323 1294 489 1381 adspectus
501 1296 660 1381 perculere
677 1296 800 1375 milites,
820 1312 867 1377 ut,
888 1301 977 1386 quasi
999 1302 1191 1379 haerentibus
1212 1326 1308 1369 mem-

243 1382 318 1460 bris,
341 1379 488 1443 inmobile
509 1404 624 1467 corpus
646 1381 827 1447 vulneribus
872 1386 1030 1451 raebereut.
1082 1388 1177 1465 Dein,
1201 1388 1310 1451 cohor-

242 1465 412 1532 tationibus
434 1465 544 1544 Ducis,
566 1479 598 1530 et
619 1490 651 1531 se
672 1466 730 1553 ipsi
752 1406 956 1549 stimulimtes,
980 1494 1020 1535 ne
1042 1471 1193 1537 muliebre
1214 1487 1245 1539 et
1262 1474 1308 1537 fa-

242 1552 381 1618 naticum
409 1566 521 1639 agmen
555 1566 764 1640 pavescerent,
797 1552 936 1620 inferunt
972 1555 1070 1643 signa,
1104 1570 1314 1645 sternuntque

272 1729 466 1791 Igitur-Momm
475 1729 589 1793 mum]
600 1703 683 1785 Credo,
694 1728 758 1777 hune
789 1728 833 1781 hoc
848 1730 951 1779 maxime
962 1712 1041 1779 Furiis
1055 1732 1142 1781 similes
1156 1720 1229 1789 aaut,
1243 1730 1308 1795 quod

142 1801 151 1811 ’·
239 1793 317 1841 locum
334 1808 391 1851 esse,
408 1810 478 1857 quern
493 1793 758 1857 aspexitJornandesin
789 1794 994 1858 facesgcstabsnt„
1022 1796 1068 1845 Sed
1083 1803 1161 1860 potest
1173 1796 1237 1859 prius
1248 1794 1309 1843 illud

155 1873 164 1883 *⁴
241 1857 348 1905 uana.
380 1861 414 1905 Ia
427 1859 677 1907 extramoeniana
689 1864 759 1919 parte
790 1860 817 1905 in
844 1861 938 1906 modam
961 1860 1020 1907 Far.
1046 1860 1124 1908 referri
1151 1860 1188 1917 ad,
1205 1874 1308 1907 cursum.

241 1924 360 1980 Memm,
382 1937 453 1983 quam
476 1924 599 1972 Cornelius
625 1923 757 1969 Amantiam
788 1920 855 1969 Nam
872 1922 996 1982 ethim,
1013 1924 1197 1987 basencurtem
1213 1938 1309 1970 crurum

240 1988 443 2048 mripwrwwat.
475 1986 573 2050 Corrigo
589 1986 756 2045 enim,Monc.
789 1986 866 2035 habet.
910 1986 961 2047 Qui
981 1986 1104 2049 vulgatum
1125 1988 1225 2046 mavult,
1247 2002 1308 2050 pun-

240 2050 316 2098 erc.
348 2049 503 2113 Intelligcudc
513 2051 757 2113 Monceaqnnma-
787 2060 853 2097 ctum
864 2051 932 2099 faciet
941 2059 995 2114 post
996 2052 1105 2113 feminis.
1134 2053 1309 2099 Feralirvertis

239 2114 481 2177 guversuscustrum
495 2114 756 2175 sitahodieAnglcacy
786 2114 869 2163 eadem
891 2124 934 2175 cst,
962 2132 1015 2179 quae
1042 2115 1139 2175 furialis,
1167 2116 1192 2161 in
1218 2130 1309 2163 morem

240 2178 333 2240 dicitur,
347 2178 437 2225 diversa
451 2194 466 2226 a
480 2178 556 2225 Mona
568 2178 666 2225 Cereris
680 2177 710 2224 B.
723 2179 756 2226 G.
788 2176 912 2229 Furiarum
929 2180 1005 2235 facta:
1024 2179 1140 2243 similique
1157 2194 1225 2227 sensu
1236 2181 1308 2243 firc-

240 2246 265 2303 ὅ,
279 2243 317 2290 13.
350 2242 411 2290 Mox
423 2244 479 2290 litias
489 2242 684 2303 abestabedpr.
697 2243 756 2306 (cta
788 2244 829 2289 lem
838 2245 943 2291 habitam
954 2242 1308 2306 dixitFlornsl,l2,7.quam-

239 2307 290 2355 cod.
307 2305 377 2370 Agr.)
408 2307 434 2353 Α
448 2308 496 2354 suis
511 2306 577 2355 libris
587 2306 687 2354 abfuisse
701 2306 757 2355 dicit
789 2308 1125 2371 quamibidetotoapparatu
1140 2307 1207 2354 dixit.
1240 2308 1308 2355 Cete-

238 2370 572 2433 Lipsiusineditioneprima.
604 2370 683 2418 Etiam
698 2370 756 2417 Bro-
788 2371 1200 2435 rumflralcmvertcmautdevittis
1208 2370 1308 2434 capiam,

159 2454 165 2461 ·
238 2437 309 2485 terius
324 2435 349 2484 in
366 2435 506 2500 quibusdam
520 2435 592 2484 MSS.
608 2449 655 2484 uon
673 2436 756 2500 reperit
788 2436 881 2500 quasin
897 2436 978 2487 habitu
991 2436 1070 2484 furiali
1085 2436 1307 2486 memoratFlorusz

237 2500 374 2564 delevitque.
407 2501 570 2564 volebantque
585 2499 656 2548 deleri
673 2501 756 2548 Mure·
790 2501 914 2550 nonenim
931 2501 1046 2560 credibile,
1062 2501 1232 2565 feminasillas,
1248 2517 1308 2565 prae-

237 2574 276 2614 tns
291 2572 315 2612 et
330 2564 459 2612 Acidaliae.
491 2566 595 2616 Frustra.
627 2567 719 2612 Brevia
734 2573 757 2613 et
782 2565 867 2614 sertim
897 2568 1012 2624 barbaros,
1043 2565 1086 2613 sibi
1115 2573 1189 2612 vastes
1219 2565 1308 2625 fecisse,

237 2631 327 2677 burm
338 2631 414 2676 maru
428 2629 491 2685 scio;
509 2629 614 2677 similiter
628 2629 674 2676 dici
689 2631 756 2678 breue
788 2629 868 2692 quales
897 2646 912 2678 a
944 2630 1016 2693 poetis
1047 2631 1181 2677 tribuuntur
1209 2628 1306 2676 Furiise

235 2699 259 2741 ct
275 2694 400 2751 inum,
417 2708 460 2740 nec
476 2694 531 2751 scio,
550 2707 594 2740 nec
611 2692 685 2741 oredo.
725 2693 755 2757 In
787 2702 829 2740 aut
849 2693 925 2756 legam
948 2696 1007 2741 vitta
1026 2709 1039 2741 e
1058 2694 1128 2754 Floro
1147 2694 1165 2740 1.
1182 2708 1203 2741 c.
1221 2693 1263 2741 ubi
1282 2693 1309 2739 in

235 2757 437 2806 omuibus-MSS.
457 2757 534 2805 Taciti
552 2771 600 2805 non
617 2772 669 2804 raro
686 2758 756 2806 rerba
787 2756 866 2804 furiali
881 2757 962 2806 habitu
980 2758 1044 2805 vittae
1062 2767 1187 2820 ponuntur.
1222 2758 1308 2805 Crines

237 2821 326 2884 integra
336 2823 428 2870 omissa.
462 2821 534 2870 Eas.
566 2821 755 2870 Lituretiarnin
788 2821 869 2884 dejecti
893 2830 948 2869 sunt
969 2821 1073 2881 fluentes,
1096 2836 1144 2869 non
1166 2822 1255 2870 collecti
1279 2822 1306 2868 in

237 2885 536 2947 Bud.a2·m.adjectum.
787 2884 891 2934 nodumr
915 2900 991 2950 neque
1012 2887 1061 2933 ullo
1081 2885 1152 2932 modo
1169 2881 1228 2948 opus
1249 2901 1305 2934 cum
1395 2919 1397 2922 -

269 2952 312 2998 Sic
319 2952 425 3012 pedites:
443 2952 530 3013 equites
541 2951 600 2998 oudo
610 2951 694 3013 aaa]
711 2951 755 3000 Vi.
787 2949 896 3004 Acidalio
912 2950 1021 3012 corrigere
1037 2951 1138 3012 clipeata
1153 2949 1305 3014 veiirejertir.

235 3015 303 3063 detur
331 3015 426 3063 Tacitus
452 3015 567 3078 scripsisse
593 3017 671 3072 vada,-
704 3031 755 3078 per-
788 3012 897 3061 Ceterum
918 3029 966 3077 pre
987 3013 1058 3061 oculis
1079 3012 1187 3062 habuisse
1208 3014 1306 3062 Tacitus

144 3085 147 3091 ’
230 3069 315 3142 'gentes
339 3095 387 3143 qua
410 3079 470 3127 vada
495 3079 618 3126 ducebant.
662 3079 753 3128 Gnort.
788 3077 968 3126 ridetnrlocum
983 3078 1046 3126 Livii
1060 3078 1083 3133 l,
1099 3077 1210 3126 3³.adde
1226 3079 1303 3137 7,17.

146 3752 149 3756 v
233 3722 505 3774 immisceamus
540 3723 607 3770 Idem
618 3721 690 3770 codex
701 3729 750 3770 tra-
782 3721 896 3784 perpellit.
929 3720 1301 3768 cruentantem

235 3143 674 3206 Rycldusdcfecditvolgnmmexeo,
691 3144 754 3207 quod
786 3142 857 3197 Earn
892 3141 953 3190 Bud
966 3142 1092 3189 nonhabet
1105 3137 1232 3204 pronomen
1244 3158 1303 3204 quc.

235 3207 297 3256 Ces.
314 3208 344 3255 B.
364 3208 395 3255 G.
415 3209 437 3268 1,
454 3209 476 3254 6.
495 3209 553 3254 rado
569 3210 671 3255 transire
686 3208 753 3256 dixit.
786 3207 882 3262 Feralis
892 3209 963 3254 vestis
973 3206 1050 3264 forsan
1060 3206 1135 3270 nigra.
1154 3205 1209 3254 Vid
1223 3206 1304 3256 Germ.

234 3272 272 3320 At
280 3287 328 3320 non
338 3272 456 3336 queritur,
469 3271 624 3320 culminum
640 3272 678 3331 sit,
695 3275 754 3321 uado
785 3270 825 3318 43.
860 3270 898 3318 cf.
909 3270 992 3319 Hiller.
1005 3271 1062 3318 Rae.
1073 3271 1129 3330 17„
1200 3320 1203 3332 .-

228 3339 309 3398 κρῆ,
325 3337 366 3385 sed
384 3351 413 3384 an
428 3336 467 3384 hic
482 3337 560 3385 locum
572 3335 673 3393 babeam
690 3337 753 3400 quod
780 3367 782 3374 ·
811 3335 964 3398 'nauaque
975 3334 1076 3397 circum]
1094 3334 1151 3382 Cod.
1166 3333 1227 3398 Agr.
1239 3335 1304 3382 addit

227 3416 283 3513 -pqn
296 3409 369 3514 uqqto.
400 3401 515 3514 ⁴Delqprtet
535 3400 689 3512 enimdisqqui
712 3409 755 3514 ⁸stig
777 3399 923 3513 qupmeptegb
950 3399 1071 3448 Glossema
1089 3397 1185 3446 ductum
1197 3414 1215 3464 ¹e
1235 3399 1301 3464 Virg.

226 3482 297 3514 ⁴stc
353 3481 424 3512 ears.
511 3479 638 3512 nuncu
694 3481 719 3512 ur
820 3479 931 3522 n.‚.
1159 3505 1163 3520 ,
1230 3504 1233 3509 ,

203 3564 208 3573 .
228 3529 351 3587 'transisse
366 3482 453 3592 irarum
470 3529 599 3594 querendis
610 3481 751 3592 νοάἰέρατ.
818 3530 1051 3593 Percalcrcmilitea]
1070 3525 1166 3577 Frustra
1176 3527 1211 3577 vir
1221 3527 1302 3576 doctus

235 3595 278 3643 tim
289 3594 348 3642 dum
361 3593 472 3642 adnatant
482 3594 555 3658 equis.
588 3593 701 3642 SedMS.
712 3595 750 3642 Fi.
778 3590 810 3646 ‚in
821 3592 858 3642 ed.
872 3593 964 3658 Gryph.
980 3593 1071 3655 corrigit
1079 3595 1209 3656 perpulere.
1241 3592 1301 3638 Ter-

235 3658 321 3724 (Bud.)
339 3659 374 3706 ed.
390 3674 426 3721 pr.
442 3657 513 3706 habet
521 3659 601 3720 pedes,
618 3657 750 3721 quodcum
783 3669 821 3703 ror
831 3656 870 3705 hic
881 3667 921 3718 est,
936 3658 977 3720 qui
992 3657 1102 3719 percellit,
1114 3655 1301 3731 stupefaciunt-riq

234 3793 362 3844 miserant
381 3787 445 3836 alibi.
476 3787 547 3834 Enu-
582 3785 656 3850 (Bud.
671 3789 749 3848 nodos,
784 3785 903 3836 Romanos
924 3787 1046 3834 exterruit.
1069 3780 1215 3848 ,Milites‘e
1236 3783 1300 3832 Flor.

233 3853 432 3916 duplicatorseq.
445 3851 523 3910 vocis.)
782 3849 854 3896 edidit
873 3850 983 3909 riunena,
1002 3847 1066 3913 quod
1083 3848 1154 3913 secuti
1172 3848 1300 3898 Gronoviiz

223 3934 227 3939 ’
264 3921 298 3966 Ia
312 3915 638 3980 Maronitarumque]
655 3915 751 3978 Semper
783 3913 997 3976 Ryckiusmtlitem
1007 3913 1113 3961 servavit.
1145 3911 1300 3974 Uthioporro

222 3982 327 4041 credidi,
349 3980 389 4028 hic
412 3980 522 4029 excidisse
542 3994 670 4043 pronomen
692 3996 751 4041 qna.
775 3978 912 4040 flnctuum
929 3993 1024 4039 agnus,
1041 3977 1074 4024 sic
1088 3979 1117 4025 ab
1135 3975 1205 4038 simili
1219 3991 1243 4023 re
1255 3977 1299 4024 ni.

233 4048 264 4096 Id
283 4054 401 4110 repertum
417 4046 468 4105 jam
489 4044 513 4092 iu
535 4044 572 4093 ed.
593 4060 629 4107 pr.
650 4045 749 4091 restitui·
783 4041 834 4090 vius
844 4042 861 4088 1.
872 4057 891 4090 c.
896 4042 1032 4104 sumttcam
1043 4055 1138 4087 carrum
1148 4039 1215 4087 dixit.
1248 4039 1298 4088 De-

231 4127 293 4161 mus.
333 4110 430 4173 Recepit
455 4108 539 4171 pariter
566 4107 693 4167 Broten'us,
714 4124 749 4156 re-
783 4105 853 4169 nique
875 4107 990 4153 inuoluere
1009 4105 1117 4166 flammis
1142 4103 1213 4152 etiam
1238 4103 1298 4152 dixit

231 4184 324 4239 pentum
341 4183 365 4222 et
383 4175 408 4221 in
425 4171 665 4236 Mss.1teg.corb.
703 4173 750 4220 Sed
783 4170 865 4232 virgil
885 4171 970 4232 Georg.
987 4169 1081 4228 2308.
1121 4167 1192 4218 ΕΠ.
1235 4167 1298 4216 Bru.

231 4239 336 4288 videatur
357 4253 405 4288 esse
425 4238 500 4286 alieno
520 4237 579 4298 loco,
604 4236 748 4299 ponendum.
782 4236 888 4283 militem.
921 4234 959 4283 Sic
971 4233 1060 4297 etAgr.

231 4319 277 4369 que
293 4312 347 4352 ante
364 4306 390 4350 tn
407 4305 502 4350 modam
517 4303 667 4350 Furiarum:
685 4301 748 4366 quod
840 4346 844 4356 ‚
