3042 4950
248 283 319 325 nc.
338 267 405 341 47.]
609 265 688 322 LIB.
709 265 762 322 XI.
790 266 879 323 CAP.
902 271 947 324 18.
1276 268 1315 330 27

250 431 291 494 ab
305 429 353 507 iis,
368 429 422 515 qui
437 427 581 514 privatim
595 427 772 513 degeneres,
787 428 820 489 in
834 425 995 513 publicum
1010 424 1142 507 exitiosi,
1153 426 1230 492 nihil
1239 431 1315 515 spei,

250 515 308 578 nisi
323 535 378 599 per
385 511 563 612 dispondius,
575 512 737 576 habeant.''
767 511 980 610 Adstrepebat
990 511 1064 574 huic
1077 511 1177 608 aluere
1185 512 1315 600 vulgus3

251 611 392 747 {iffi
392 598 649 833 isigildim
641 596 1015 769 §lrlssss'ilplilliulf
1015 617 1058 744 Ξέ
1066 596 1175 744 1353,
1182 600 1319 770 {22¹¹ss

251 769 422 832 bardorum
432 769 485 855 opi
509 791 545 833 us
553 768 695 846 resectus,
705 790 761 854 per
772 767 854 845 laeta,
868 789 924 853 per
933 766 1072 844 adversa,
1087 787 1136 829 res
1145 765 1319 835 Cheruscas
1383 846 1386 852 Ι

253 853 439 918 adflictabat.

298 939 429 1003 XVIII.
451 941 513 1003 Per
526 938 610 1002 idem
632 953 754 1025 tempus
769 934 901 1016 Chauci,
917 935 1002 1000 nulla
1022 935 1209 1000 dissensione
1222 936 1320 1017 domi,

254 1037 286 1087 et
299 1037 399 1088 morte
416 1023 578 1110 Sanquinii
592 1023 716 1102 alacres,
731 1023 809 1086 dum
821 1021 962 1087 Corbulo
976 1021 1133 1099 adventat,
1142 1020 1321 1087 inferiorem

245 1109 456 1174 Germaniam
480 1109 685 1188 incursavere,
704 1109 785 1172 duoe
810 1109 992 1183 Gannaso03
1040 1107 1072 1170 ui
1092 1107 1218 1171 natione
1239 1106 1324 1172 Can-

256 1193 383 1273 ninefas,
402 1193 558 1258 auxiliaris
577 1206 608 1257 et
622 1194 677 1257 diu
693 1193 832 1271 meritus,
851 1204 922 1279 post
942 1203 1011 1255 tran
1042 1213 1114 1280 uga,
1133 1192 1255 1256 levibus
1267 1215 1323 1263 na-

257 1278 347 1364 vigiis
368 1278 611 1365 praedabundus,
634 1278 799 1343 Gallorum
819 1277 955 1342 maxime
975 1299 1062 1340 oram
1083 1277 1235 1355 vastabat,
1257 1296 1322 1342 non

255 1364 392 1450 ignarus,
415 1363 494 1428 dites
515 1375 546 1427 et
567 1363 694 1428 inbelles
715 1387 790 1431 esse.
833 1365 881 1426 At
907 1361 1046 1427 Corbulo
1063 1361 1256 1448 provinciam
1274 1363 1323 1424 in.

256 1470 390 1534 gressus,
404 1471 603 1534 magnacum
618 1471 703 1528 cura,
718 1464 750 1513 et
767 1468 843 1513 mox
861 1447 970 1534 gloria,
990 1446 1042 1511 cui
1063 1445 1250 1533 principium
1270 1445 1325 1511 illu

256 1531 366 1598 militia
379 1533 450 1612 fuit,
466 1534 604 1598 triremes
615 1534 703 1598 alveo
717 1533 834 1612 Rheni,
850 1547 966 1597 ceteras
978 1531 1116 1611 navium,
1130 1544 1167 1594 ut
1189 1553 1325 1617 quaeque

257 1616 385 1696 habiles,
400 1639 456 1704 per
477 1618 620 1682 aestuaria
639 1630 670 1682 et
690 1618 787 1682 fossas
806 1617 929 1704 adegit:
958 1617 1166 1703 lintribusque
1186 1615 1324 1680 hostium

259 1700 421 1786 depressis,
441 1715 472 1766 et
486 1703 652 1768 exturbato
668 1704 846 1783 Gannasco,
867 1702 923 1766 ubi
937 1701 1101 1789 praesentia
1115 1702 1188 1765 satis
1201 1715 1269 1765 oom

259 1786 317 1848 sita
332 1801 414 1865 sunt,
429 1787 574 1874 legioneS,
589 1811 720 1876 operum
738 1803 770 1852 et
789 1787 904 1853 laboris
917 1787 1051 1873 ignaras,
1071 1786 1265 1873 populationi
1287 1809 1327 1850 us

258 1870 407 1950 laetantes,
421 1886 557 1937 veterem
569 1872 610 1937 ad
624 1896 741 1937 morem
755 1873 902 1946 reduxit;
926 1895 966 1936 ne
979 1872 1051 1958 quis
1061 1872 1185 1969 agmine
1198 1871 1327 1935 decede-

260 1970 315 2034 ret,
330 1979 386 2020 neo
400 1980 551 2043 pugnam,
565 1956 624 2020 nisi
634 1959 752 2043 jussus,
769 1958 878 2022 iniret:
901 1957 1057 2034 stationes,
1071 1955 1197 2043 vrgiliae,
1212 1956 1326 2020 diurna

260 2051 474 2127 nocturnaque
487 2042 604 2118 munia,
618 2041 650 2102 in
665 2043 758 2104 armis
772 2042 980 2127 agitabantur.
1014 2043 1198 2139 Feruntque
1216 2040 1328 2105 “mili-

260 2137 333 2202 tem,
356 2125 430 2210 quia
444 2123 560 2187 vallum
581 2146 644 2188 non
665 2126 832 2205 accinctus,
851 2139 946 2212 atque
967 2123 1073 2204 alium,
1093 2146 1169 2210 qma
1188 2125 1326 2212 pugione

295 2310 332 2356 At
344 2310 387 2373 its]
403 2309 468 2357 Bud.
479 2310 507 2356 ab
515 2309 559 2356 tis.
807 2311 927 2357 auxiliare
938 2326 969 2357 ωε
984 2312 1026 2358 diu
1038 2310 1136 2357 nterim
1146 2325 1201 2358 eum
1212 2309 1326 2360 Mmoero.

294 2375 390 2434 Magno
410 2376 472 2420 Inter
485 2374 593 2420 barbaros
603 2375 689 2435 proetto
704 2377 780 2422 vietor
811 2374 870 2423 God.
881 2374 946 2422 Bud.
959 2383 983 2422 et
990 2376 1050 2436 Agr.
1057 2375 1184 2420 auxiliaris
1191 2389 1221 2422 eu
1229 2377 1271 2422 dtu
1278 2391 1328 2424 me·

264 2435 329 2501 Rca]
357 2437 434 2491 Forte,
455 2453 542 2500 mgrzo
558 2445 588 2486 ut
609 2439 679 2486 inter.
703 2439 779 2487 lues.
798 2441 875 2499 vitu,
887 2438 950 2503 quod
960 2440 1042 2503 probat
1052 2436 1167 2503 Ryciius.
1181 2437 1242 2503 Reg.
1257 2443 1328 2488 oum-

263 2502 309 2549 Sed
320 2500 389 2549 etiam
406 2500 462 2549 alibi
481 2510 504 2549 et
519 2501 582 2565 apud
595 2503 652 2549 alios
669 2510 696 2551 ut
710 2504 781 2551 Inter-
810 2506 881 2550 liores
891 2504 933 2550 dtu
944 2505 1044 2551 merids.
1055 2502 1101 2550 Ed
1112 2518 1148 2565 pr.
1161 2504 1279 2550 anodiam
1289 2507 1330 2553 esd

262 2565 320 2612 dum
327 2565 400 2611 intali
409 2565 484 2613 sonna
490 2566 610 2614 omittitur.
620 2567 692 2614 Eun.
709 2567 781 2616 Acid.
810 2570 837 2614 tn
851 2569 961 2614 meritis.-
976 2568 1040 2630 quod
1054 2566 1116 2614 iavet
1134 2576 1157 2614 et
1170 2567 1249 2630 ipsum
1262 2568 1329 2616 Mer·

263 2629 354 2689 conjicit
365 2644 472 2691 magnus.
810 2646 869 2679 cero.
886 2631 1037 2689 Puteolanus,
1042 2632 1199 2678 annaurim
1207 2632 1249 2678 dtu
1256 2634 1329 2678 meri-

295 2691 371 2757 Dein]
396 2692 581 2741 strenuiter.
599 2694 679 2742 Gnelf.
698 2696 780 2758 edpr.
811 2694 1328 2743 turrnndebnclectioinoeterasedd.fluxit

264 2758 346 2804 dehinc
360 2772 374 2804 a
390 2757 518 2805 Puteolano
529 2759 598 2806 venit.
615 2760 689 2806 Euri.
717 2760 780 2807 Bud.
811 2746 867 2809 iis.
885 2759 964 2808 uuelf.
986 2764 1009 2806 et
1022 2775 1052 2805 ee
1070 2760 1112 2805 dtu
1129 2774 1161 2805 nr.
1194 2758 1329 2807 lectionem

264 2823 351 2869 deinde.
812 2824 907 2887 quidem
923 2831 1001 2871 textus
1017 2822 1123 2870 vitiosam
1140 2838 1197 2879 esse,
1213 2823 1281 2871 facile
1295 2832 1330 2874 ert

296 2886 379 2933 Morte
386 2886 526 2951 Sanquinii]
535 2886 658 2951 Sanquinii
668 2886 782 2947 Maxinri,
812 2888 903 2935 sentire.
917 2887 989 2935 Eur.
1007 2887 1071 2934 Bud.
1082 2886 1152 2949 plane
1161 2895 1188 2934 ut
1198 2886 1263 2935 Flor.
1273 2901 1330 2935 nam

265 2950 353 3011 dequo
364 2950 427 3009 edd,
439 2954 462 2997 4.
481 2952 556 3000 lars.
812 2954 1077 2999 ausiliarisestsrm

299 3014 475 3079 Cannioqsates]
488 3015 550 3063 Plin.
558 3018 583 3074 4,
595 3017 634 3064 29.
656 3018 781 3065 Cunnum·
846 3017 942 3079 Gloria]
960 3015 1024 3062 Bud·
1036 3028 1090 3061 oum
1098 3017 1186 3075 glossa.

258 3078 331 3140 fater.
341 3078 416 3141 Apud
425 3078 493 3126 Grut.
502 3094 526 3142 p.
532 3080 588 3127 385.
605 3081 783 3143 Conrzuanuter.
846 3082 893 3128 Cui
899 3081 1048 3141 principium
1058 3081 1101 3125 itta
1111 3080 1269 3144 mititiafuit]
1282 3080 1331 3127 Ile-

293 3142 438 3202 Auxilium,
447 3150 469 3189 et
481 3145 782 3206 dtumrttussposttrans·
811 3142 933 3193 ferendum
943 3142 987 3191 hoc
1002 3142 1032 3191 ad
1043 3145 1156 3205 gloriam,
1168 3158 1214 3191 non
1228 3144 1258 3192 ad
1273 3144 1331 3192 Cor-

257 3205 336 3270 fuga]
354 3206 468 3254 Vaticana
478 3207 596 3270 scriptum,
610 3210 727 3255 auxiliare
743 3211 783 3256 esd
811 3208 922 3256 bulonem
933 3221 975 3270 pro
986 3210 1052 3270 eujus
1060 3209 1146 3268 glorioe
1152 3210 1230 3269 princ.
1240 3210 1258 3256 t
1268 3224 1299 3255 m.
1304 3210 1329 3272 J:

265 3272 291 3315 in
306 3272 405 3318 meritis.
438 3270 554 3329 Fortasse,
575 3273 711 3332 auxiliaris,
729 3274 783 3320 dein
812 3272 884 3319 Eun.

265 3336 383 3381 emeritus.
425 3334 489 3381 Nam
507 3344 530 3382 st
549 3335 645 3395 auxilia,
665 3336 707 3384 illo
725 3351 782 3397 aevo,
848 3338 942 3384 Ceteros
956 3337 1065 3399 mnium]
1084 3335 1161 3384 Rhen.
1173 3335 1206 3383 ita
1216 3351 1240 3383 se
1250 3351 1330 3384 emen·

258 3396 356 3445 'credam
367 3398 474 3446 adstricta
484 3398 515 3445 ad
524 3398 613 3447 militia
629 3409 718 3447 certum
733 3415 784 3448 mo-
812 3401 879 3448 dasne
893 3400 948 3447 dicit
957 3416 999 3463 pro
1010 3406 1097 3447 ceteras
1106 3415 1192 3446 naver.-
1209 3408 1234 3447 at
1243 3407 1330 3449 ceterae

266 3461 331 3508 dum.
376 3463 481 3510 Meroero
502 3464 585 3526 planet,
604 3464 785 3512 destillarem
811 3466 910 3511 mum
921 3465 989 3511 estin
1001 3464 1036 3511 ed.
1049 3479 1084 3526 pr.
1097 3469 1119 3512 et
1130 3463 1221 3511 Puteol.
1248 3466 1331 3513 Naver

259 3527 308 3571 dtu
319 3529 426 3574 meritur.
442 3526 517 3574 Iure.
548 3528 701 3576 Famesianus
711 3528 784 3576 oudex
811 3528 893 3576 dedere
901 3527 1039 3588 Beroaldus,
1045 3522 1329 3577 Alciatustnesu'duude.

267 3589 322 3638 MS.
334 3592 643 3639 auxillureeaedrumentis:
655 3592 717 3640 unde
728 3607 784 3640 con-
813 3592 886 3641 Ean.
917 3591 981 3640 Bnd.
997 3594 1102 3640 mnium.

263 3654 357 3714 jiciebat
366 3654 423 3702 olim
434 3654 538 3718 Lipsius,
553 3658 679 3704 auxillum
690 3658 785 3719 eufro-
846 3658 973 3704 AErtuaffl
986 3662 1010 3704 et
1019 3659 1113 3721 forsas]
1128 3656 1175 3705 Per
1189 3656 1332 3707 Drusianam

266 3720 404 3765 mentarits:
421 3728 500 3783 posteo
509 3734 603 3767 omnem
617 3720 677 3768 hano
688 3730 785 3768 annota-
812 3720 936 3775 fossamet
943 3721 1016 3780 lacus,
1023 3722 1065 3785 qui
1071 3721 1149 3784 plures
1157 3722 1249 3781 tunc,in
1256 3738 1333 3770 unum

262 3782 354 3829 tionem
371 3782 494 3847 expunxit.
527 3783 599 3842 Quod
614 3784 639 3831 in
655 3786 786 3846 oonjectura
812 3785 987 3833 meridionalem
1009 3786 1133 3833 ooiverum
1160 3786 1237 3834 Iura.
1269 3786 1333 3835 Mox

267 3846 334 3894 facile
344 3846 409 3895 fero:
427 3847 615 3911 sedacripturam
627 3850 711 3897 vetusti
721 3849 784 3896 oodi-
813 3849 893 3898 Guelt'.
918 3850 1074 3913 deprehensis(
1101 3849 1172 3897 Eun.
1207 3850 1271 3898 Bud.
1293 3852 1333 3897 de·

267 3910 299 3959 cis
309 3910 493 3974 insuperbaberi
503 3912 591 3959 nullm:
623 3913 694 3977 uippe
704 3913 786 3976 iuqua
808 3916 905 3976 prescia

266 3974 357 4023 vIdeam
369 3976 573 4039 vestigirveritrtis
629 3976 785 4040 ocnsqneia·
849 3980 954 4040 Ορεναηι
968 3985 992 4026 et
1007 3980 1091 4026 loboris
1110 3980 1221 4041 ignaras]
1238 3976 1332 4025 Fames.

265 4040 342 4087 tentis.
379 4040 441 4087 Eam
456 4054 505 4091 esse
518 4040 601 4088 credor
619 4043 747 4088 samiam
762 4048 786 4089 et
813 4044 921 4104 moror.
944 4038 1020 4090 lires.
1058 4042 1097 4092 Sic
1115 4052 1139 4090 et
1153 4042 1190 4089 ed.
1206 4056 1241 4103 pr.
1258 4041 1333 4093 MSS·

269 4105 411 4165 detegentis.
445 4104 520 4152 Juvat
534 4105 597 4167 quod
613 4106 698 4169 legitur
708 4107 733 4164 4,
745 4107 785 4153 46.
815 4107 894 4155 Guelf.
911 4115 934 4155 et
949 4106 1003 4155 alii:
1029 4107 1092 4170 quod
1108 4105 1193 4169 reoepit
1208 4104 1335 4154 Broterius.

266 4167 298 4214 de
308 4168 455 4216 Thracibusz
474 4184 503 4215 ne
514 4170 621 4230 Regibus
636 4171 730 4231 quidem
740 4186 786 4233 pa·
815 4174 921 4232 Ignoras
936 4180 978 4230 est,
990 4186 1037 4219 non
1048 4170 1154 4218 adsuetas
1163 4168 1245 4216 labori.
1260 4169 1332 4218 Ean.

272 4246 328 4286 rere,
340 4234 386 4279 uisi
397 4248 426 4280 cn
440 4234 544 4293 tutatur,
557 4236 685 4294 sulitbout,
698 4236 721 4281 si
731 4237 788 4283 mii·
815 4228 879 4283 Bud.
891 4238 990 4297 ἰςνιαυω
1001 4235 1083 4281 alm·

272 4300 343 4342 terent
362 4299 459 4353 aarum,
477 4312 530 4345 utor
543 4298 648 4347 domoras
664 4302 788 4363 preficere.
854 4301 949 4347 Vallum
963 4314 1008 4347 non
1023 4294 1152 4356 mundus]
1168 4295 1244 4344 Aliud
1254 4305 1297 4354 est>
1307 4313 1334 4345 δῦ

273 4359 361 4407 Geor.
396 4362 454 4410 God.
473 4363 537 4411 Flor.
560 4366 678 4412 auxiliare
696 4378 726 4411 eo
747 4366 791 4411 dtu
817 4364 952 4421 sidixisset,
965 4360 1100 4408 discinctus.
1135 4360 1191 4408 Non
1206 4360 1333 4410 aecinuum

270 4426 371 4488 mortus,
391 4426 451 4476 unde
467 4427 519 4477 δικ.
542 4428 675 4481 Gronovius
694 4427 793 4479 faciebat
820 4427 906 4490 rodere,
926 4434 960 4475 ert
977 4424 1025 4475 sine
1043 4424 1121 4489 gladio
1135 4424 1212 4473 fodere
1219 4441 1227 4483 ;
1250 4423 1334 4472 ‹beetu-¹
1433 4434 1438 4450 ¹
