3042 4950
260 267 444 357 essen
612 266 800 329 marin.
821 266 972 328 cnrsar.
1271 275 1324 331 165

259 427 364 509 litans,
377 430 470 517 plura
482 431 575 506 fama,
590 450 686 515 quam
705 450 815 577 puffiu
834 432 999 495 eiterrere.
1043 431 1061 493 1
1084 430 1148 495 'tur
1168 431 1319 511 Corbulo,

259 515 391 601 quaesito
404 515 459 579 diu
501 514 598 592 roelio,
612 513 729 577 frustra
789 513 883 592 bitus,
898 529 930 579 et
949 518 1091 600 exempo
1108 516 1246 582 hostium
1263 518 1322 581 cir-

258 599 461 664 cumferrebe
485 622 538 663 um
547 611 682 677 mactus,
693 598 742 663 dis
813 599 1105 685 ‘trires,utLegati
1115 602 1330 689 Prtefeetique'

258 684 395 747 diversos
408 685 491 748 looos
505 684 625 771 pariter
636 684 826 749 invaderent.
874 684 974 749 Simul
989 685 1112 769 Regem
1126 687 1320 751 Antiochum

258 782 374 848 monet,
400 778 422 809 “
436 773 593 855 proximas
616 770 675 833 sibi
695 771 902 834 Praefecturas
922 770 1054 856 petere.''
1097 772 1181 833 Nam
1204 772 1323 836 Phara-

259 876 390 933 smanes,
407 856 569 919 interfecto
588 855 652 919 filio
668 854 884 934 Rhadamisto‚
897 863 928 895 “⁶
946 854 1240 941 quasi'proditore,”
1255 879 1320 941 quo

257 939 353 1003 fidem
363 940 395 1003 in
405 963 461 1005 nos
471 952 646 1017 testaretur,
656 951 747 1004 vetus
757 940 906 1005 adversus
916 938 1083 1005 Armenios
1097 940 1204 1003 odium
1215 963 1322 1027 prom-

258 1024 321 1088 tius
336 1027 507 1091 exercebat.
551 1026 707 1110 Tuncque
727 1024 865 1110 primum
883 1024 988 1089 inlecti
1005 1024 1139 1103 Inseehi,
1153 1048 1231 1111 gens
1248 1039 1321 1092 ante

258 1109 334 1173 alias
353 1112 434 1175 socia
455 1111 615 1187 Romanis,
637 1110 707 1174 avia
721 1110 882 1173 Armenius
900 1110 1079 1173 incursavit.
1124 1111 1176 1174 Ita
1196 1110 1322 1176 consilia

260 1195 397 1259 Tiridati
417 1196 451 1259 in
471 1195 660 1260 eontrarium
674 1194 856 1257 vertebant:
879 1194 1084 1279 mittebatque
1103 1210 1249 1274 oratores,
1265 1198 1321 1282 qui

260 1302 317 1343 suo
330 1280 585 1364 Parthorumque
599 1278 724 1342 nomine
738 1278 990 1365 expostularent}
1006 1286 1028 1317 “
1043 1282 1110 1356 cur,
1126 1279 1207 1343 datis
1221 1302 1323 1367 nuper

258 1364 430 1444 obsidibuS,
444 1364 717 1451 redintegrataque
734 1364 878 1441 amicitia,
893 1387 966 1451 qnae
984 1363 1073 1427 novis
1112 1386 1213 1449 uoque
1229 1365 1323 1429 bene-
1350 1370 1352 1376 ’

209 1478 211 1485 ’
258 1450 336 1513 fiuiis
345 1449 450 1514 locum
457 1450 599 1537 aperiret,
611 1462 713 1513 vetere
723 1448 883 1513 Armeniae
893 1386 1321 1535 pomessionedepelleretur?

260 1534 491 1599 ldeo'nondum
504 1536 606 1620 ipsum
617 1533 790 1620 Vologesen
800 1547 1002 1612 commotum,
1013 1533 1214 1619 qiuaeaussa,
1226 1556 1323 1620 quam

260 1620 293 1683 vi
307 1644 399 1707 agere
412 1621 548 1685 mailent.
594 1619 647 1685 Sin
669 1632 859 1705 perstaretur
872 1620 905 1682 in
919 1619 1012 1697 bello,
1027 1640 1090 1682 non
1104 1617 1211 1681 defore
1225 1623 1327 1684 Arso-⁴

259 1704 503 1771 eidis'virtutem
522 1705 754 1791 fortunamque,
778 1705 890 1790 saepius
906 1706 973 1791 jam
993 1702 1081 1767 clade
1104 1702 1250 1767 Romana
1268 1729 1324 1770 ex-

301 1791 409 1855 stam?
431 1790 487 1856 Ad
496 1814 533 1855 ea
544 1789 694 1866 Coib'ulo,
705 1788 778 1853 satis
788 1804 957 1885 comperto,
967 1788 1144 1873 Vologesen
1152 1788 1325 1855 deiectione
1390 1805 1393 1809 '

299 1876 433 1961 yreaniae
448 1875 592 1953 adtineri,
608 1874 719 1939 suadet
734 1874 881 1951 Tiridati,
898 1881 920 1913 “
934 1874 1078 1961 precibus
1092 1875 1249 1937 Coesarem
1267 1876 1324 1939 ad·

261 1960 372 2047 gredi:
395 1984 484 2047 posse
493 1960 541 2024 illi
555 1982 689 2045 regnum
703 1958 820 2037 stabile,
836 1972 868 2023 et
883 1982 933 2022 res
946 1958 1122 2022 incruentas
1135 1959 1324 2047 contingere,

262 2046 289 2109 si
306 2045 418 2109 omissa
424 2070 490 2159 „Spe
511 2045 683 2131 longinqua
701 2058 734 2109 et
755 2066 831 2123 sera,
847 2056 1030 2131 presentem
1047 2040 1263 2127 potioremque
1279 2068 1326 2115 se-

189 2168 194 2181 .
263 2144 421 2217 queretur.

264 2342 362 2396 rituum
380 2342 505 2392 ostendisse
522 2342 599 2406 potius
618 2356 692 2401 arma,
709 2356 782 2407 quam
810 2340 869 2405 pule
885 2348 919 2388 est
936 2356 950 2388 e
967 2340 1004 2388 Fl.
1022 2340 1102 2389 additu
1116 2356 1132 2388 u
1150 2338 1269 2404 Piehenue
1290 2345 1324 2386 est

264 2408 387 2468 unitam
404 2416 427 2455 et
439 2408 508 2470 plura
522 2407 658 2455 exterruisse
668 2406 782 2454 adventus
813 2404 882 2454 etium
901 2404 927 2451 in
945 2404 1025 2453 Gueli.
1060 2406 1151 2453 Priores
1172 2404 1223 2451 edd
1244 2416 1326 2451 omnes

264 2472 563 2535 usitamuquumpugua.
583 2470 659 2520 Iure.
683 2470 781 2535 Optime
814 2483 909 2532 quoque.
936 2467 966 2516 Iu
977 2468 1072 2518 nomine
1082 2469 1172 2523 uariunt
1181 2468 1242 2516 libri.
1268 2466 1326 2514 MS.

263 2536 372 2597 Lipsius:
390 2537 480 2596 deeque
490 2542 513 2582 et
524 2537 580 2582 illue
591 2537 697 2593 volitans,
705 2537 781 2597 plura
813 2533 869 2580 Vst.
880 2533 989 2580 Inserit.-
1007 2533 1070 2581 Flor.
1081 2535 1186 2592 imur,
1197 2541 1289 2580 uuemre
1298 2529 1326 2578 J.

257 2601 329 2663 fiete
340 2607 410 2660 quem
423 2613 508 2661 pugne
518 2605 642 2646 exterrere.
675 2598 721 2646 Sic.
741 2598 779 2656 15,
813 2595 886 2643 uron.
904 2596 1007 2643 Pimeuu
1021 2597 1079 2659 legit
1087 2597 1189 2644 Iureehi.
1214 2593 1268 2655 Ed.
1285 2609 1321 2657 pr.

264 2665 304 2712 38.
329 2666 403 2712 aretis
421 2665 546 2713 itirreru'bur
567 2663 657 2722 ducque
678 2669 702 2708 et
715 2663 781 2707 'illue
812 2661 912 2706 [melei.
934 2657 1034 2708 'Cetera
1043 2658 1325 2708 omnesantePieheuum

184 2778 186 2792 Ι
257 2730 338 2790 fleuis-
374 2729 438 2776 Num
459 2728 485 2775 iu
505 2727 547 2774 illo
574 2727 697 2774 extrahere
720 2725 781 2772 nihil
811 2725 895 2770 lecet
927 2724 954 2771 J.
967 2723 1041 2771 Gron.
1053 2724 1138 2787 recepit
1147 2725 1250 2781 Inseehi,
1261 2721 1326 2785 quod

265 2793 410 2851 animem,
416 2790 530 2856 quiequid
541 2799 635 2838 sonetur
647 2788 781 2837 Suliuerius.
811 2790 908 2834 verbum
925 2787 995 2836 edum
1011 2788 1108 2837 inseruit
1117 2787 1190 2835 Mede
1201 2788 1222 2841 l,
1235 2788 1273 2834 19.
1283 2787 1325 2836 79.

266 2857 357 2908 fluor.
389 2860 519 2906 Euterrere
541 2854 596 2902 MS.
617 2854 680 2901 Flor.
700 2853 781 2901 Guelt'.
811 2851 895 2910 neseio,
907 2866 980 2915 quum
995 2854 1059 2901 bene
1094 2851 1169 2914 Apud
1179 2850 1325 2911 Stephanum

264 2920 317 2972 edd.
328 2937 364 2986 pr.
375 2921 431 2969 Put.
441 2920 496 2968 Ber.
507 2919 563 2967 Alc.
596 2918 730 2986 Eetrudere
744 2933 782 2966 re·
812 2914 908 2977 quidem
925 2916 988 2963 male
1006 2915 1195 3027 ermetem
1210 2913 1324 2976 ‘ncixovq

265 2985 426 3048 septenum.
444 2987 469 3049 (e
485 2982 561 3044 Bud)
578 2990 602 3031 et
623 2995 687 3044 seqq.
705 2997 782 3044 usque
811 2987 839 3025 ut
845 2993 900 3038 eum
907 2979 1037 3042 inspicienti
1081 2980 1086 2989 ’
1120 2977 1216 3042 patebit
1230 2977 1326 3024 Imeclut

257 3049 297 3098 ‘ud
316 3049 382 3098 run
399 3049 456 3097 MS.
489 3048 560 3096 Gurb.
581 3060 695 3104 emersere,
717 3045 782 3108 quod
812 3043 1112 3091 usmeridemnomen.
1130 3042 1204 3090 Eur.
1231 3038 1324 3088 Pontici

265 3113 341 3176 placet
351 3113 464 3162 Broterio.
491 3111 564 3160 Eur.
595 3110 672 3158 Rhen.
684 3111 782 3172 putabet
811 3107 941 3170 populiup·
952 3107 1033 3170 Steph.
1121 3126 1124 3128 ’

265 3176 505 3240 eaeruluretemporis
515 3189 605 3227 moram
614 3172 722 3222 iudicare.
842 3170 1055 3235 Autealiureoeia]
1071 3170 1253 3218 Noetroueilieet
1264 3176 1324 3216 teru-

298 3241 332 3288 R.
340 3241 497 3304 Antiochum]
508 3239 672 3301 Commagene
678 3238 779 3299 Regem,
809 3249 865 3308 pore
879 3235 935 3283 socii
949 3242 974 3282 et
988 3232 1030 3282 fidi
1044 3250 1114 3297 super
1128 3234 1193 3290 ulios,
1209 3233 1253 3280 etsi
1267 3240 1324 3279 tune

266 3303 541 3416 inituris
557 3303 605 3414 t.
616 3301 691 3413 ns
701 3301 780 3412 ..n
808 3297 1166 3425 murres
1171 3296 1323 3422 rens

266 3431 293 3481 in
303 3433 370 3492 cujus
380 3431 416 3480 ed.
427 3446 481 3480 eusu
492 3430 712 3492 transposituretba.
730 3428 779 3475 Ve-
811 3427 879 3474 ulier.
912 3425 989 3473 Isrrs.

266 3503 339 3548 rerem
355 3495 458 3543 ordinem
467 3495 494 3542 J.
505 3494 579 3542 Gron.
592 3491 699 3542 restituit.
732 3491 780 3540 Sed
843 3493 876 3537 Iu
893 3492 1040 3537 eontrarium
1061 3487 1189 3549 vertebant]
1210 3488 1249 3536 Sic
1265 3487 1322 3536 MS·¹

265 3559 317 3608 lere
335 3559 387 3618 hoe,
404 3573 446 3606 nee
462 3558 539 3606 uudux
554 3573 624 3612 error,
639 3565 667 3604 ut
682 3555 722 3604 ille
737 3555 779 3616 uit,
810 3553 849 3600 ut
859 3554 923 3616 Agr.
939 3553 975 3601 ed.
994 3570 1028 3618 pr.
1045 3561 1073 3600 ut
1087 3553 1190 3602 voluerat
1205 3551 1322 3618 Miuetus.

266 3631 345 3672 suetus
367 3623 392 3670 in
410 3621 515 3670 minutiis
536 3620 680 3684 trngoediuri.
708 3622 779 3668 Proe-
811 3617 845 3664 Et
854 3619 888 3666 sie
898 3633 958 3680 supe
968 3618 1073 3666 Tueitrrs.
1084 3615 1237 3666 cmraeuuu
1248 3631 1324 3678 usque

259 3689 364 3750 fictura
381 3695 460 3734 autem
481 3692 536 3732 utut
557 3695 632 3748 partes
650 3684 779 3743 Armeuiae,
811 3681 843 3729 ud
857 3681 934 3745 Ryek.
954 3683 991 3746 (it.
1007 3682 1056 3730 eod.
1073 3681 1147 3739 Bud.)
1167 3681 1322 3728 vertebantur.

266 3751 353 3815 quibus
363 3751 400 3798 sui
414 3749 528 3809 Praefecti,
543 3749 655 3811 Sutrupae,
669 3756 696 3796 ut
710 3762 781 3811 supra
811 3745 874 3794 Mox
895 3745 947 3794 edd.
968 3756 1022 3794 unte
1041 3745 1167 3793 Pichenam
1184 3758 1265 3792 omues
1286 3745 1322 3806 (et

265 3815 428 3878 jamvidimus
444 3816 483 3874 ll,
494 3815 517 3861 8.
549 3813 621 3861 Adde
636 3827 693 3862 mox
709 3827 728 3860 c.
739 3813 782 3860 39.
811 3805 987 3870 truamur.
1015 3811 1186 3857 Malleuteste
1197 3808 1234 3854 lu.
1260 3807 1324 3854 Item

267 3881 341 3929 Eun.
811 3873 1109 3937 postedditumexeodem
1114 3876 1178 3935 jam,
1189 3880 1218 3919 ut
1228 3870 1324 3918 Mureto

298 3943 487 4006 Pharasmanes]
500 3941 554 3990 Rex
564 3941 646 3990 lberiae
659 3941 698 4001 ll,
710 3941 733 3988 8.
812 3938 938 4002 placuerat.
970 3937 1047 4000 quue
1061 3944 1097 3984 est
1111 3936 1181 3983 etium
1196 3935 1221 3981 in
1237 3933 1273 3981 ed.
1285 3949 1324 3996 pr.

300 4009 429 4056 Proditore
446 4007 499 4070 ruo]
520 4006 608 4063 Scribo,
625 4007 670 4052 eui.
704 4005 778 4065 ers,
813 4002 1031 4064 etMS.Gorb.(et
1040 3998 1117 4059 Bud.)
1141 4001 1215 4048 Eun.

269 4073 400 4126 Pronomen
416 4073 481 4120 abest
494 4069 573 4118 uMS.
586 4069 636 4133 Fi..
655 4069 690 4116 Et
705 4067 782 4131 potuit
846 4063 1242 4127 Redintumr'citr'aJHueudvosut
1250 4061 1323 4108 Vaill.
1423 4094 1427 4102 .
1474 4045 1481 4052 “

270 4136 331 4183 nasei
346 4151 359 4184 e
375 4143 484 4199 seqmte
495 4147 546 4196 quo.
567 4133 640 4182 Eur.
674 4134 724 4180 Suo
733 4145 782 4208 nou
813 4130 905 4178 inNN.
914 4129 965 4176 001.
973 4131 1017 4177 sub
1026 4128 1062 4176 Μ.
1069 4126 1166 4236 Aufidio
1177 4126 1323 4187 tl.p.180.
1341 4164 1345 4173 ,

270 4198 406 4310 *3ᾝὰ
424 4199 487 4262 ‘³⁸¹‘
501 4197 571 4247 Μ
586 4197 651 4248 ¹³⁰⁶·
685 4197 782 4245 aa..
812 4193 1325 4318 iffifflffiimsstffidiii

308 4328 416 4388 Tuncque
422 4329 530 4388 primum
541 4327 612 4375 illecti
619 4327 726 4389 Imectt]
735 4325 782 4375 Go-
815 4320 914 4372 nuthet
924 4321 956 4369 D.
966 4321 1025 4370 NN.
1036 4328 1080 4369 ret
1092 4317 1137 4368 vol·
1147 4319 1200 4382 dp
1212 4317 1268 4365 5⁰6.
