3042 4950
232 178 299 289 174⁵
619 204 621 208 ’
651 224 872 283 nuunmuu
1118 199 1306 297 [neam.

228 385 306 453 dum
319 382 497 471 ingenium:
521 385 704 452 modestiam
740 386 865 451 referre
881 398 914 449 et
934 384 1058 449 lascivia
1072 386 1139 450 uti:
1161 407 1251 452 rarus
1262 386 1296 449 in

227 470 391 559 publicum
409 492 560 556 egressus,
576 470 671 558 idque
686 408 787 537 velata
799 483 888 557 parte
902 469 974 548 oris,
994 493 1035 535 ne
1048 472 1173 536 satiaret
1187 470 1297 557 adspe-

228 568 326 635 ctum,
342 554 392 619 vel
429 554 481 619 uia
495 556 538 621 sic
552 557 690 637 decebat.
735 559 843 625 Famae
863 578 1026 641 nunquam
1077 556 1187 643 percit,
1205 556 1298 622 mari·

228 655 277 711 tos
296 655 329 705 et
352 579 510 706 adulteros
534 665 597 706 non
622 642 832 727 distinguens:
858 665 961 727 neque
984 580 1122 706 adlicetni
1146 666 1215 719 suo,
1240 656 1296 705 aut

228 726 328 797 alieno
353 728 507 793 obnoxia:
534 727 619 791 unde
645 726 762 791 utilitas
787 728 1012 804 ostenderetur,
1037 726 1111 791 illuc
1135 727 1296 791 libidinem

228 812 445 879 manuferebat.
488 812 591 899 Igitur
612 825 755 899 agentem
776 836 845 877 eam
864 812 896 876 in
911 812 1109 879 matrimonio
1126 812 1213 877 Rufii
1226 812 1297 877 Cri-

229 898 320 985 spini,
336 898 462 986 Equitis
477 899 624 976 Romani,
639 920 678 961 ex
693 921 757 984 quo
771 898 872 996 lilium
885 912 1049 984 genuerat,
1061 898 1147 962 Otho
1157 898 1296 985 pellexit,

241 996 358 1048 uventa
371 1008 407 1049 ao
426 984 517 1063 luxu,
539 997 571 1049 et
590 984 666 1071 quia
678 984 935 1069 flagrantissimus
955 984 989 1047 in
1009 984 1144 1050 amicitia
1164 986 1298 1048 Neronis

223 1006 419 1135 labebatur:
443 1091 501 1135 neo
515 1092 612 1149 mora,
634 1070 712 1157 quin
732 1069 887 1136 adulterio
905 1069 1138 1135 matrimonium
1153 1069 1300 1155 jungere-

228 1165 292 1219 tur.
1109 1214 1119 1222 ,

272 1239 403 1307 XLVI.
426 1241 522 1318 Otho,
546 1239 610 1305 sive
622 1263 726 1305 amore
740 1240 895 1319 incautus,
909 1240 1038 1305 laudare
1053 1246 1075 1278 ‘⁶
1089 1239 1223 1303 formam
1236 1238 1299 1303 ele-

226 1325 429 1411 gantiamque
443 1325 566 1390 uxori?
576 1326 664 1414 apud
677 1326 875 1413 Principem3
893 1326 956 1390 sive
966 1339 1004 1389 ut
1013 1325 1204 1402 accenderet,
1216 1347 1263 1402 ao,
1274 1324 1300 1387 si

227 1410 336 1474 eadem
359 1411 476 1475 femina
495 1412 684 1499 potirentur,
705 1411 737 1476 id
758 1435 886 1498 quoque
904 1409 1066 1474 vinculum
1083 1410 1255 1521 potentiam
1271 1409 1300 1473 ei
1331 1424 1353 1477 ’,

227 1495 384 1583 adjiceret.
401 1496 493 1594 Saepe
503 1496 630 1575 auditus
642 1509 688 1561 est
698 1518 888 1584 consurgens
897 1494 1067 1562 e'convivio
1079 1496 1222 1572 bresorio,
1233 1501 1256 1533 “
1268 1518 1300 1558 se

226 1580 271 1645 ire
281 1580 324 1647 ad
334 1580 499 1662 illam,s1bi
511 1582 704 1655 concessam'
715 1581 899 1664 dictitans,“
909 1582 1115 1659 nobilitatem,
1125 1579 1301 1668 pulchritu-

227 1752 292 1814 dum,
301 1754 555 1817 pomparursorere.
577 1752 654 1804 bles.
675 1752 748 1813 Quod
779 1756 905 1817 deperibat,
924 1740 1057 1817 psaltem
1078 1755 1186 1803 omullm
1205 1754 1298 1813 mutat,

226 1814 285 1865 aliae
302 1832 429 1877 mum,
439 1820 557 1881 suetum.
597 1818 661 1867 Nam
678 1834 748 1881 supra
778 1834 824 1866 non
835 1824 955 1867 conmutat
963 1821 1109 1881 voluptatum
1118 1820 1300 1865 marrrmtoctta

226 1896 250 1929 c.
268 1882 306 1929 1⁴.
325 1897 373 1930 uon
390 1884 489 1931 ulrmde
507 1884 579 1945 auti,
601 1898 644 1946 pro
665 1882 747 1942 facete,
779 1886 1077 1945 cmcientto...prorsra,
1094 1885 1162 1943 quart
1179 1883 1300 1929 sibertum

227 1944 311 2009 lepide.
344 1946 417 1996 ΕΒΗ.
779 1948 1161 2009 damumpulclrritudluirerret.
1185 1945 1300 1993 Veoordia

264 2012 344 2059 Veluta
352 2018 425 2074 purte
439 2012 501 2075 orn]
519 2011 559 2060 Ad
575 2011 746 2061 emulationem
779 2011 877 2075 iuquam
888 2011 968 2072 simili,
979 2012 1020 2059 sed
1031 2020 1054 2059 et
1064 2011 1120 2059 latu
1145 2012 1221 2074 Iure.
1242 2010 1301 2056 Aci-

227 2074 296 2122 oredo
319 2076 444 2123 mulierum
473 2075 578 2135 Arabia,
605 2076 635 2123 de
662 2076 748 2139 quibus
779 2073 855 2123 dalius
865 2076 904 2123 hic
915 2076 1053 2138 nansposita
1066 2078 1173 2123 membra
1187 2083 1262 2139 putat,
1278 2084 1301 2122 et

227 2138 328 2187 'l'ertulL
347 2139 385 2187 De
399 2140 458 2203 virg.
469 2140 513 2187 vel.
527 2141 564 2195 17.
598 2141 697 2188 Araura
706 2142 747 2202 fc·
780 2141 849 2187 verba
866 2141 963 2187 laudare
972 2142 1081 2203 smmum
1092 2141 1235 2200 principem,
1248 2148 1301 2201 post

226 2205 299 2252 miuoe
319 2204 417 2253 etham
438 2218 486 2251 non
507 2212 585 2265 caput,
603 2205 643 2253 red
655 2205 748 2266 faciem
779 2205 891 2266 adjiceret
907 2204 964 2266 poni
980 2204 1039 2251 vult.
1072 2204 1167 2262 Putem,
1189 2202 1300 2249 Tacltmn
1363 2254 1368 2263 Ι

226 2282 315 2329 quoque
325 2270 360 2316 ita
370 2273 444 2316 totum
458 2275 551 2329 tegunt,
568 2275 603 2329 ut,
621 2281 669 2315 uuo
683 2271 748 2315 oculo
780 2267 813 2315 sic
831 2268 929 2327 dedisse,
948 2268 1004 2331 quia
1025 2268 1105 2330 paullo
1120 2266 1211 2328 longior
1230 2267 1301 2312 altera

226 2334 331 2389 liberato,
349 2338 462 2380 contentu:
483 2335 533 2380 rint
550 2334 674 2380 ‹liruldr'am
688 2333 749 2393 frui
781 2331 911 2379 ratiofaoti.
943 2332 1058 2379 Sitamen
1074 2332 1164 2393 placeat
1177 2330 1302 2391 nausposi-

227 2396 309 2453 lucem,
321 2411 392 2458 quom
409 2403 482 2444 totum
489 2398 581 2459 facicm
593 2398 746 2459 prostituere.
781 2395 821 2453 tio,
837 2395 918 2443 malim
936 2395 978 2441 illa
996 2396 1066 2441 verba
1083 2394 1162 2442 statim
1177 2392 1233 2455 poni
1250 2402 1303 2454 post

227 2460 275 2510 Sed
293 2476 374 2510 cauata
389 2460 414 2509 in
431 2460 476 2510 boc
491 2460 565 2509 nobili
581 2469 662 2524 scorto,
685 2468 708 2509 et
724 2461 749 2509 in
781 2475 867 2508 nomen
884 2461 1000 2509 Otlroulee
1018 2458 1081 2523 quod
1094 2458 1190 2508 mollius
1207 2465 1231 2505 et
1249 2472 1302 2521 pro-

226 2525 367 2590 illisdispar.
400 2526 477 2573 Iure.
610 2524 613 2529 ’
781 2524 887 2572 habilius.
919 2525 992 2572 Eun.

260 2591 302 2638 Ru
338 2591 447 2652 Crispini
461 2591 572 2654 Equitio]
589 2588 641 2636 Alii
657 2591 747 2652 Crtrpt.
819 2590 946 2636 Vinculum
952 2591 1085 2649 putentium
1095 2588 1117 2634 el
1127 2587 1250 2650 adjiceret]
1263 2586 1302 2634 Sic

227 2593 421 2718 SedCfirirpinum
437 2654 458 2701 ei
475 2667 610 2716 cognomen.
645 2653 709 2715 Plu,
723 2655 748 2702 in
781 2652 838 2700 editi
858 2667 939 2700 omnes
960 2661 1046 2716 praeter
1067 2651 1103 2699 ed.
1125 2667 1161 2713 pr.
1186 2667 1239 2715 qnae
1259 2650 1303 2696 ha.

227 2715 312 2780 Galba,
330 2725 407 2766 noster
424 2718 463 2778 15,
475 2718 514 2773 71.
529 2727 552 2766 et
567 2717 693 2766 ularisdme
707 2719 748 2766 Se-
780 2717 829 2777 bet,
840 2719 965 2778 torqueque
981 2718 1102 2766 uinculum
1112 2717 1225 2777 poteutloe
1242 2715 1303 2777 adji-

225 2795 290 2838 neea,
312 2793 353 2831 'seu
375 2782 428 2846 quis
447 2782 506 2830 alius
527 2782 585 2845 (non
606 2782 671 2830 enim
690 2791 749 2830 certe
782 2789 850 2828 aeret.
890 2782 1018 2829 Vinculum
1032 2781 1147 2843 polemio
1166 2779 1258 2837 dieitur,
1276 2787 1304 2827 ut

226 2844 395 2910 Philosophus)
416 2847 441 2894 in
459 2845 567 2905 Octavia,
587 2847 628 2895 ubi
646 2846 749 2908 Poppae
783 2845 905 2892 maculam
915 2847 1029 2892 umlcltloe
1042 2860 1080 2908 ap.
1090 2844 1139 2892 Cic.
1150 2858 1194 2908 pro
1206 2843 1303 2890 Plancio

225 2909 345 2958 inducitur
367 2925 390 2959 r.
414 2912 471 2967 728.
490 2912 690 2976 sq.-neuierrtcm
711 2911 750 2958 lu·
782 2911 807 2956 2.
819 2909 884 2970 quod
901 2908 1037 2970 potentiam,
1054 2909 1078 2956 h.
1095 2924 1118 2956 e.
1135 2907 1242 2970 gratiam,
1262 2907 1303 2954 fir·

226 2981 282 3022 tuor
302 2976 436 3032 Comitautc
452 2977 522 3024 turbu
538 2979 661 3038 conjugem
677 2989 750 3036 quou-
782 2981 832 3020 mut
848 2981 871 3020 et
887 2972 993 3020 stabilem
1009 2972 1097 3020 reddite
1117 2980 1196 3034 atque,
1214 2978 1242 3018 ut
1258 2971 1303 3018 fre-

226 3041 282 3088 dam
299 3055 378 3086 meum
396 3041 564 3102 Grrotumquor
577 3046 692 3102 properat
705 3055 750 3100 pr·
783 3052 857 3099 quens
878 3044 913 3085 eet
931 3052 969 3098 ap.
988 3037 1096 3091 eundem,
1116 3051 1204 3082 nouum
1222 3038 1305 3082 viucu-

227 3107 277 3151 tere
292 3106 426 3167 counplrnur
443 3119 505 3152 meur
523 3105 658 3166 Crispinus,
675 3111 697 3152 et
712 3105 751 3150 lu-
783 3103 834 3148 lum
851 3103 955 3159 ucoesrlt,
974 3100 1007 3150 sic
1022 3101 1061 3148 bic
1076 3115 1164 3148 novum
1182 3101 1304 3146 vinculum

227 3171 337 3216 temlero
355 3169 429 3216 libore
446 3169 535 3216 oscula.
578 3169 681 3216 Rufinus
701 3167 752 3216 Cri·
778 3167 891 3226 potentie
912 3166 1005 3228 adjecit.
1048 3164 1133 3229 ltaliue
1156 3163 1216 3211 mihi
1238 3162 1305 3211 valde

226 3232 308 3296 opinus
321 3231 383 3280 filius
400 3233 450 3293 ejus
467 3231 603 3280 aSuetnnio
615 3231 750 3280 nominatur
782 3229 902 3277 blanditur
923 3229 967 3285 ista
990 3229 1075 3285 leetio;
1099 3227 1227 3292 presertim
1250 3242 1305 3274 cum

226 3299 298 3344 eat.
332 3297 409 3344 Iura.
444 3296 523 3344 Immo
539 3297 608 3358 Rufii
626 3297 748 3360 Crispini:
783 3292 870 3340 durum
885 3293 915 3341 eit
933 3295 1055 3341 uinculum
1065 3293 1199 3356 potentium
1215 3293 1306 3354 orlp'icit.

227 3373 284 3408 nam
301 3361 334 3410 aio
350 3361 413 3409 filius
428 3361 513 3409 dicitur
528 3377 566 3426 ap.
584 3361 677 3408 Sueten.
695 3360 713 3407 1.
729 3375 749 3407 c.
782 3356 913 3406 Vinculum
924 3372 971 3405 uon
982 3366 1053 3422 anget
1064 3357 1201 3421 potentiam,
1213 3355 1254 3403 sed
1264 3355 1304 3404 lir-

226 3423 329 3474 inbonie
343 3425 424 3476 libris:
442 3432 466 3474 et
476 3425 508 3472 nic
524 3441 595 3488 supra
607 3426 644 3478 12,
658 3427 697 3472 rt.
709 3423 750 3471 de·
783 3431 841 3468 mat.
875 3423 947 3470 Ean.

225 3487 312 3538 dimus.
345 3490 410 3539 vett.
421 3489 472 3538 edd.
491 3490 528 3553 (it.
544 3488 593 3537 uod
610 3488 673 3535 Flor.
686 3488 749 3536 Bud.
816 3488 866 3534 Stet
887 3501 1017 3535 coucersam
1044 3483 1167 3546 dictitant]
1189 3483 1305 3532 Adhaere-

226 3552 375 3616 Agr.)Ruffi
395 3557 484 3616 Crispi,
499 3571 516 3602 u
544 3569 574 3602 ue
587 3552 619 3601 ad
630 3552 749 3615 lipsium,
783 3565 828 3598 sco.
872 3551 969 3610 Forsan,
997 3551 1042 3597 sill
1063 3565 1193 3598 coucerrum
1218 3565 1233 3595 a
1255 3550 1304 3596 Dis

227 3618 270 3693 qui
283 3620 411 3680 criminun
428 3618 498 3666 dedit.
517 3570 638 3681 s‘ilyckius
651 3617 748 3680 primus,
776 3619 872 3677 jactam
911 3616 1062 3669 nobilitatem,
1091 3613 1302 3675 pulchritudinem.

139 3701 140 3704 ’
227 3691 264 3732 utr
275 3698 325 3730 nos.
357 3683 430 3732 Ean.
496 3724 499 3730 .
536 3713 538 3718 ,
783 3679 841 3734 Aut,
860 3680 905 3726 rtur
919 3693 1048 3725 concessum
1061 3681 1110 3725 Dte
1125 3679 1223 3738 dignam
1239 3677 1304 3722 mtt-

261 3745 750 3810 Ftttumgeuueraqlsmurimersusjus-
783 3745 881 3792 litatem.
913 3743 1018 3790 Budensi
1036 3742 1103 3790 aiunt
1120 3741 1175 3804 legi,
1194 3743 1234 3788 uli
1250 3755 1305 3787 corr.

227 3827 256 3860 su
271 3812 381 3860 Neronis.
416 3813 480 3860 Suet.
494 3811 534 3858 35.
783 3822 871 3855 cerrum
894 3808 1033 3854 ductaret.-
1059 3822 1089 3854 ex
1111 3821 1138 3854 eo
1159 3805 1302 3864 divinabam,

263 3877 328 3932 Quia
347 3877 422 3925 adult.
440 3878 546 3924 mutum.
559 3876 644 3939 jung]
666 3873 750 3923 Paullo
783 3873 823 3918 uli
841 3879 974 3934 mertum
995 3872 1113 3918 deliberet.
1151 3870 1227 3917 Iura
1265 3868 1305 3914 Ita

227 3939 295 3989 aliter
305 3940 340 3988 H.
353 3940 376 4001 1,
388 3941 425 3989 13.
460 3939 515 3988 Suil.
526 3939 623 3987 Tacitus
634 3939 698 4002 prius
713 3939 752 3986 hi-
783 3934 883 3984 difficilis
904 3935 943 3983 hic
964 3935 1030 3984 locus
1050 3935 1122 3993 rinna
1149 3943 1176 3981 ut
1197 3931 1304 3980 Graevius
1390 3979 1396 3989 .

228 4006 323 4054 suitam
334 4005 461 4068 scripserat,
477 4003 572 4052 meliora
582 4003 635 4052 dein
647 4002 709 4050 dedit
726 4003 751 4050 in
781 3999 856 4048 fassus
867 4000 905 4059 rit,
916 4015 941 4047 se
956 4015 986 4047 ex
1002 4014 1029 4047 eo
1044 4013 1092 4046 non
1107 3996 1217 4060 expediri
1251 3996 1306 4043 Pri-

228 4069 369 4118 Annalibus.
390 4067 428 4118 Cf.
448 4077 472 4118 et
491 4069 556 4116 Plut.
571 4069 596 4115 in
616 4067 693 4116 Galba
710 4067 750 4114 25.
781 4079 850 4115 mum
869 4081 916 4112 var.
934 4065 987 4112 lect.
1008 4063 1148 4111 notabimus.
1188 4061 1244 4108 MS.
1265 4059 1303 4106 Fl.

229 4150 254 4197 p.
267 4135 337 4183 1061.
348 4143 371 4182 et
381 4133 447 4182 Suet.
457 4133 516 4182 oth.
528 4130 551 4180 3.
782 4127 861 4188 habet,
876 4137 904 4176 ut
919 4127 991 4176 estin
1007 4135 1082 4188 textu,
1098 4126 1143 4174 nisi
1158 4125 1222 4189 quod
1236 4139 1304 4187 seqre

265 4199 335 4260 orto,
346 4200 394 4247 rive
404 4212 484 4246 umore
495 4200 614 4257 incautus,
626 4194 751 4262 etr-lvere
783 4202 837 4241 ante
852 4195 905 4260 ire,
921 4192 986 4240 unde
1000 4191 1027 4239 J.
1043 4191 1115 4240 Gron.
1128 4190 1222 4255 eonjicit
1236 4193 1304 4252 quip-

230 4261 353 4312 lucrumst
364 4261 515 4312 eteimillima
525 4261 631 4312 vecordia
641 4260 680 4308 ille
689 4257 752 4308 Ganss
779 4272 828 4320 pe:
844 4257 938 4315 busun,
949 4266 977 4304 ut
990 4255 1145 4320 opinonem
1159 4254 1194 4301 nil
1208 4269 1304 4318 preces·

230 4326 310 4376 mules
321 4326 384 4390 apud
395 4327 519 4378 lustinum
531 4327 555 4388 l,
567 4327 591 4382 7.
623 4327 675 4374 Hic
692 4338 750 4372 uno-
783 4321 845 4382 serit,
862 4323 930 4384 cujus
945 4321 1004 4368 ratio
1020 4319 1139 4369 reddatur.
1171 4316 1228 4368 Ma
1243 4316 1303 4381 Agr.

232 4389 305 4452 rem,'
321 4406 391 4456 quant
420 4399 519 4456 propter
548 4391 758 4457 pulchritudinem,
783 4386 896 4436 consentit
912 4383 1097 4454 cum-Budeusi.
1126 4383 1173 4434 ud.
1187 4399 1222 4447 pr.
1236 4378 1307 4441 habet
