3042 4950
246 245 285 307 rs
616 249 628 258 '¹
657 245 890 308 usnemun
1149 258 1232 331 [ru.
1248 259 1318 318 sor.

248 405 330 472 diurn
346 417 378 470 et
393 408 504 472 nome'n
521 407 653 473 Neronis
666 410 840 477 transirem
861 410 1011 500 Augetur
1022 425 1056 477 et
1070 414 1250 503 Agrippina
1263 442 1314 483 eo-

244 507 413 578 gnomento
427 494 592 581 Augrmtoe.
637 495 760 574 Quibus
774 499 915 582 patratis,
930 520 1022 562 nemo
1035 499 1115 563 adeo
1128 523 1240 588 expers
1257 504 1314 567 mi-

244 577 417 642 serioordiae
427 579 497 654 fuit,
509 603 604 665 quern
618 602 682 644 non
693 580 865 646 Britannici
877 584 1013 648 fortunae
1024 605 1139 648 moeror
1148 589 1310 654 adficeret:

245 661 403 728 desolatus
420 663 589 812 linum*
606 666 699 730 etiam
719 667 881 731 servilibus
894 667 1080 747 ministeriis,
1096 671 1312 759 intempestiva

244 767 384 814 noveroae
400 773 421 812 o
453 749 502 814 eia
520 750 552 813 in
571 749 707 814 ludibria
725 752 876 831 vertebat,
899 753 1073 840 intelligens
1092 755 1179 820 falsi:
1207 781 1310 845 neque

243 832 326 897 enim
341 855 465 921 segnem
480 835 509 899 ei
523 835 618 899 luisse
632 835 768 900 indolem
788 837 913 902 ferunt:
937 840 1001 902 sive
1013 862 1134 918 verum,
1151 864 1206 906 seu
1227 845 1310 930 peri-

242 918 319 982 eulis
331 920 575 998 oommendatus‚
590 921 718 985 retinuit
731 921 847 988 famam
860 923 927 987 sine
938 925 1161 1010 experimento.

284 1004 315 1067 X
320 1005 433 1070 XVII.
457 1006 518 1070 Sed
533 1005 721 1094 Agrippina,
736 1031 801 1092 qno
814 1008 878 1072 vim
896 1031 986 1073 suam
1008 1010 1096 1074 sociis
1108 1034 1235 1097 quoque
1253 1035 1308 1076 na·

241 1088 378 1154 tionibus
392 1101 570 1170 ostentaret,
585 1091 617 1155 in
632 1091 785 1179 oppidum
799 1093 969 1173 Ubiorum,
983 1094 1017 1157 in
1031 1118 1096 1182 quo
1108 1096 1214 1183 genita
1227 1112 1303 1176 erat,

240 1187 401 1238 veteranos
422 1175 635 1263 ooloniamque
654 1177 768 1241 deduci
788 1179 820 1242 in
862 1193 943 1254 trat3
966 1180 1017 1244 cui
1038 1202 1151 1244 nomen
1172 1182 1307 1246 inditum

195 1321 200 1329 ,
239 1273 280 1323 'ex
290 1261 443 1326 vocabulo
452 1261 558 1348 ipsius.
591 1263 808 1328 Acforteaooi
831 1278 906 1342 erat,
918 1276 1032 1329 uteam
1043 1279 1179 1352 gentem,
1191 1266 1306 1331 Rheno

239 1355 471 1431 transgressam,
486 1369 563 1411 avus
574 1347 720 1434 Agrippa
733 1348 767 1411 in
781 1349 875 1414 fidem
890 1350 1051 1436 acciperet.
1096 1350 1213 1416 lisdem
1227 1364 1306 1415 tem-

280 1429 367 1494 ribus
380 1429 414 1494 in
428 1455 467 1496 su
505 1433 586 1496 riore
597 1433 825 1498 Germanistre
846 1436 968 1500 idstnrn
977 1435 1115 1500 adventu
1124 1437 1304 1516 Canni-um,

237 1451 398 1580 Rhodus
416 1517 613 1604 agitandum.
658 1519 741 1584 Inde
760 1520 803 1586 L.
865 1520 1023 1608 mponiue,
1043 1523 1195 1608 Lffletus,
1217 1522 1307 1587 auxi-²

269 1757 395 1806 Derobtue
401 1759 542 1824 paullatim]
561 1758 599 1806 Ita
608 1758 680 1822 capio.
698 1759 753 1806 Bri·
782 1760 862 1821 effl‘ue,
872 1766 981 1807 meatur
989 1760 1235 1823 mmdemioenseetir
1245 1763 1304 1809 satie

236 1819 342 1868 terminus
360 1823 470 1886 spoliatus
487 1833 616 1885 exutusque
632 1822 754 1885 paullatim
785 1839 839 1872 eene.
867 1823 1101 1887 Eteremplaobeie.
1119 1823 1195 1872 trra
1222 1824 1303 1872 Recte.

236 1897 283 1931 non
299 1885 374 1934 solum
389 1886 517 1934 honestiore
533 1888 653 1946 comitatu,
666 1887 707 1934 sed
718 1896 751 1935 et·
785 1887 869 1936 livius
878 1890 901 1947 l,
913 1888 936 1934 4.
945 1902 985 1935 reu
996 1890 1031 1937 ita
1041 1895 1103 1948 rora,
1118 1902 1159 1934 reu
1169 1890 1224 1948 quio
1235 1892 1303 1936 Deus

235 1948 283 1996 iam
296 1950 408 2006 servulis3
425 1965 479 1998 eum
490 1951 620 2018 Agrippina
629 1967 675 2011 eos,
687 1953 753 2016 qussi
785 1960 868 2000 auctor
878 1953 953 2015 cuper
966 1954 1098 2000 nonenim:
1115 1951 1151 2000 ed.
1162 1967 1198 2014 pr.
1208 1952 1245 2001 bis
1260 1952 1302 2000 ha·

232 2011 319 2061 idelis
327 2015 402 2062 officia
412 2030 546 2078 operasque,
558 2024 669 2062 avocaret.
702 2015 752 2062 De·
783 2017 890 2064 betstve.
917 2016 978 2063 Mox
988 2017 1087 2064 retinuit
1096 2023 1132 2063 est
1141 2031 1184 2079 pro
1194 2018 1301 2064 obtinuit.

234 2077 330 2135 solstus,
348 2077 460 2140 μονωθεὶς,
477 2079 539 2126 solus
553 2079 659 2126 relictus:
677 2079 713 2125 uti
728 2081 750 2138 l,
784 2081 966 2127 Cmmnendotur
981 2095 1012 2127 ee.
1025 2079 1099 2127 favori
1115 2079 1247 2140 hominum,
1264 2080 1301 2128 fa·

235 2141 275 2188 8⁰.
304 2143 424 2188 Nouanus
435 2143 586 2204 opperiendae
599 2143 690 2189 Tiberii
700 2145 751 2204 epi-
783 2143 905 2190 notabilior
919 2143 1002 2192 facum.
1027 2143 1098 2190 nur.
1131 2142 1196 2190 Bud.
1210 2146 1260 2191 etue
1276 2159 1300 2194 u.

232 2206 305 2252 etoloe
315 2206 492 2264 clamitaveratf
506 2219 560 2252 mou
571 2207 683 2253 demletue
693 2208 750 2252 ulio-
782 2207 832 2252 eine
838 2223 863 2268 p.

233 2283 289 2316 rum
299 2271 442 2329 discessione,
453 2273 614 2317 imminentem
628 2273 749 2318 necessita·
814 2271 908 2318 Deduol
923 2271 1048 2334 impetret]
1076 2269 1114 2318 sie
1124 2269 1299 2334 Gnelfiedpr.

233 2339 281 2380 iem
308 2341 389 2396 sponte
408 2336 542 2395 praeveriit.
575 2333 651 2381 lires.
687 2335 750 2382 Add.
782 2333 873 2382 Puteol.
894 2343 1026 2398 ceterasque.
1060 2334 1090 2381 In
1110 2333 1232 2396 Lipsiensis
1253 2338 1299 2382 im·

233 2397 334 2446 Gronov.
348 2397 407 2446 Obs.
421 2399 446 2456 4,
458 2401 496 2446 21.
514 2399 587 2446 Eun.
776 2407 848 2460 perat
869 2398 926 2447 vitio
946 2413 1069 2466 operarum
1087 2397 1204 2459 irrepsisse
1223 2408 1298 2461 putor

270 2465 440 2525 Intempetiivu
461 2468 573 2511 nouereoe'
586 2465 676 2527 effluis]
710 2464 748 2513 Sic
780 2463 1149 2512 undeFreinshernionotaneta
1165 2462 1238 2510 Ean.

232 2527 320 2574 correxi
341 2544 370 2574 ex
388 2528 423 2575 ed.
440 2543 474 2590 pr.
493 2528 567 2574 deleta
589 2528 749 2591 praeposidone
812 2530 854 2575 Ee
866 2530 973 2575 voeuwlo
983 2528 1070 2590 ipsius]
1088 2527 1177 2573 Parum
1188 2527 1299 2585 ἀναλόγως

226 2591 744 2719 mtthtttilttlttdtd
779 2589 1300 2717 demittit-titium

230 2717 328 2765 modum
342 2734 388 2781 per
401 2721 479 2766 intn.
492 2718 646 2767 orelerentes
663 2719 692 2765 ad
707 2722 746 2766 de.
778 2717 910 2765 Antonini:
940 2719 1024 2765 melius
1050 2716 1229 2781 Agrippinensis
1255 2727 1297 2767 aut

230 2785 325 2831 soletur.
359 2784 424 2830 Tum
452 2783 570 2847 sequentia
594 2782 688 2830 nullum
715 2784 748 2831 sio
778 2782 995 2845 Agrippinensium.
1023 2781 1103 2829 Etiam
1115 2781 1214 2830 Claudia
1224 2798 1297 2845 agno-

228 2847 377 2895 oommodum
395 2862 489 2895 sensum
508 2846 610 2903 heheut3
631 2854 656 2895 at
672 2846 747 2895 deleto
778 2846 874 2906 minata,
893 2846 940 2896 fide
958 2846 1051 2909 lapidis,
1071 2860 1143 2909 quem
1162 2854 1238 2893 totum
1255 2847 1297 2894 ad.

224 2924 280 2972 per,
299 2911 377 2958 omnis
393 2913 452 2959 bene
488 2910 606 2959 recedunt.
641 2911 746 2960 Noveroe
778 2910 946 2958 seribsmnsed
1001 2909 1223 2961 tismeeleberrimte
1233 2912 1298 2959 urbis

229 2973 320 3022 volebat
334 2974 434 3023 officiosa
447 2928 534 3031 videri3
553 2976 593 3023 sed
608 2974 634 3022 id
647 2974 745 3023 feriebat
778 2974 905 3037 (aptirut.
919 2990 961 3037 p..
1006 2982 1040 3033 .):
1059 2986 1203 3023 mammo.
1220 2987 1251 3021 ι.
1268 2989 1296 3023 r.

227 3039 313 3101 inepte.
346 3038 430 3102 Itaque
440 3038 597 3095 Britannicus,
614 3038 745 3103 intelligens
778 3050 861 3086 erun.
884 3051 977 3086 rrrro.
1000 3051 1119 3087 svrrno.
1140 3050 1201 3085 cos.
1228 3050 1294 3086 nso.

226 3102 342 3162 munem,
361 3102 450 3151 ridebat
468 3103 547 3166 inepta
562 3103 644 3151 officis.
677 3104 745 3151 Nihil
778 3115 843 3149 sno.
868 3116 889 3149 r.
913 3115 1017 3150 ulnus.
1043 3117 1069 3151 r.
1092 3116 1119 3150 r.
1144 3115 1207 3149 cvn.
1234 3115 1296 3150 cos.

227 3167 311 3216 elarius
330 3183 378 3216 esse
395 3176 476 3231 potest.
510 3168 571 3215 Mox
589 3168 744 3231 saisionem
778 3179 1298 3215 essen.sve.sosrrsrreeres1vrr.ruo-

226 3240 261 3279 est
277 3230 301 3279 in
317 3231 397 3280 Guelf.
409 3240 432 3280 et
442 3231 479 3280 ed.
490 3248 523 3296 pr.
536 3240 656 3294 sequentes
671 3248 744 3295 usque
779 3243 1156 3279 cos.1³nov.srcrr.1sn.evs.
1170 3243 1297 3279 surren-

226 3296 257 3343 ed
271 3295 414 3347 Rhenanum
427 3298 487 3359 filli
505 3312 536 3344 ee.
573 3296 743 3344 PostaGuelf.
777 3308 844 3343 noa.
856 3308 959 3344 runnu.
973 3309 1018 3343 nn.
1037 3310 1081 3344 ΡΙ..
1098 3308 1124 3344 0.
1142 3307 1226 3343 rnov.
1242 3309 1295 3342 ars-

224 3361 291 3408 nbest
306 3362 329 3407 et
347 3369 399 3423 post
415 3374 526 3422 regnem:
550 3360 614 3423 quod
635 3359 743 3424 placeret,
778 3372 995 3408 cenomanni.
1014 3372 1142 3407 rvsrrsn.
1160 3371 1209 3409 no.
1223 3372 1293 3407 sorr.

224 3424 270 3471 nisi
287 3425 376 3485 scirem,
388 3432 458 3487 atque
468 3425 524 3472 slibi
539 3424 651 3488 exemplis
664 3424 745 3487 positis
777 3436 856 3472 rnre.
876 3437 992 3472 narres.
1014 3438 1080 3471 ures.
1096 3437 1115 3471 r.
1132 3435 1211 3470 smv.
1228 3436 1253 3471 r.
1269 3436 1294 3470 r.

224 3490 374 3548 monuissem,
387 3487 497 3537 Tacitum
508 3488 532 3535 id
546 3488 697 3552 pronominis,
709 3496 744 3535 et·
778 3500 836 3535 1111.
849 3501 928 3536 vrso.
941 3501 1100 3536 srsrrrnvs
1114 3500 1207 3535 rvnrc.
1238 3487 1294 3546 Quo

224 3551 272 3600 iarn
289 3561 371 3617 praeter
383 3551 541 3600 necessitatem
556 3560 579 3600 et
595 3552 742 3615 elegantiam,
773 3552 828 3612 jure
838 3552 937 3601 deducta
946 3554 1036 3601 colonia
1048 3552 1126 3613 fuerit,
1138 3551 1236 3599 Paullus
1252 3552 1295 3600 lib.

224 3632 309 3681 ponere
320 3617 399 3665 solere.
415 3615 489 3664 ΕΜ.
515 3616 580 3664 Bud.
589 3618 742 3681 portnoff.
775 3618 798 3662 2.
816 3616 1294 3665 Deemsibusn.5o.lo.1ncermaua

223 3680 741 3743 ubiRhenputabatriuerioabsoluteponi3
775 3681 888 3743 inferiore
912 3682 1100 3743 Agrippinenses
1119 3682 1187 3743 J'uris
1211 3680 1294 3726 Italici

223 3745 322 3794 frustrat
340 3744 437 3793 delenda
447 3745 584 3808 praepositio.
609 3744 671 3792 Dein
679 3746 742 3807 fulti
774 3752 838 3792 runt.
855 3745 932 3792 Llr’s.

223 3808 300 3857 Rhen.
315 3808 401 3858 eBud.
807 3809 877 3857 Avus
888 3806 1010 3871 Agrippa]
1043 3807 1115 3869 Quod
1124 3807 1213 3855 factum
1224 3804 1293 3854 credo

255 3876 311 3923 Sive
322 3890 422 3931 uerumf
439 3889 479 3921 reri
486 3874 614 3938 perieulis]
632 3871 742 3921 Desistite
773 3871 883 3938 Agrippa
893 3882 917 3921 et
928 3872 959 3921 1..
969 3872 1040 3921 Gallo
1049 3872 1116 3921 Coss.
1127 3888 1150 3920 a.
1158 3888 1183 3919 u.
1195 3871 1251 3926 717.
1261 3884 1291 3917 ex

221 3939 320 3987 mediei=
338 3938 432 3986 nullum
448 3938 486 3985 hic
501 3938 593 3987 vulnus
627 3937 687 3991 Sive,
706 3936 743 3983 in-
773 3935 852 3984 Dione
863 3940 903 3986 la
916 3937 956 3984 49.
971 3937 1047 3985 er’s.

222 4002 281 4079 quit,
294 4001 561 4065 reversnonsegnisilli
577 4000 664 4049 indoles
679 4001 740 4057 hrit3
805 4001 917 4049 Adventu
930 4003 1068 4065 cetimum]
1096 3999 1186 4047 Muret-
1203 3999 1293 4045 Cuneo-

221 4082 269 4115 uve
279 4068 464 4130 periculaetex
476 4066 584 4128 perindie
595 4066 668 4125 favor,
680 4065 741 4113 hano
773 4080 837 4112 rum.
869 4065 916 4112 Ed.
932 4080 968 4127 pr.
987 4066 1142 4122 cantiorum,
1160 4070 1183 4110 et
1198 4076 1254 4109 mox
1271 4077 1292 4111 e.

220 4130 242 4177 ei
262 4131 349 4179 lamam
374 4130 580 4179 circumdederunt.
612 4130 740 4177 Alternsns
772 4130 811 4175 28.
836 4129 933 4178 Canni.
967 4129 1060 4190 Nempe
1082 4136 1134 4174 turn
1161 4125 1292 4174 scribebant

219 4193 258 4241 hie
268 4209 342 4243 sermo
353 4211 395 4259 per
409 4194 493 4243 Tacito
503 4193 639 4241 familiarisr
656 4195 681 4251 3,
698 4194 738 4241 31.
772 4191 859 4252 Catthi,
873 4201 901 4240 ut
917 4192 992 4245 estin
1007 4191 1043 4239 ed.
1060 4191 1117 4238 Put.
1131 4190 1186 4238 hino
1202 4191 1291 4238 Canthi

219 4258 328 4317 Longum
342 4267 365 4307 et
380 4262 514 4307 continuom
529 4260 656 4305 absentium
666 4258 738 4319 paul·
771 4255 847 4303 efficti.
866 4256 920 4305 MS.
937 4256 1016 4304 Guelf.
1034 4257 1177 4304 Caeterum.-
1196 4263 1220 4303 ut
1237 4264 1290 4318 post

217 4322 287 4369 leiim
308 4324 430 4377 meditans,
451 4326 500 4370 slve
523 4328 549 4369 ut
568 4327 645 4369 amoro
667 4327 739 4382 patre
773 4320 854 4368 cunt.
870 4321 942 4368 sss.

218 4387 407 4435 Drumemunia
422 4388 564 4434 Consulatus
578 4387 640 4431 eolus
653 4387 737 4431 obiret.
803 4386 896 4432 Deinde
906 4388 936 4433 L.
946 4385 1089 4447 Pompnriue
1100 4383 1215 4447 Legotue]
1242 4384 1291 4431 Pe·

217 4452 241 4508 2,
262 4451 300 4497 22.
334 4452 373 4495 De
392 4464 415 4496 re
432 4451 495 4499 nibil
507 4450 599 4497 addidit
619 4452 684 4497 nioiu
700 4450 738 4495 tn.-
770 4462 824 4497 rum
845 4449 944 4499 oohaeret
964 4450 1072 4498 amatio.
1106 4448 1153 4501 cui
1174 4449 1208 4497 rei
1225 4447 1288 4497 enirn
