3042 4950
242 214 390 286 susa]
420 244 430 256 ‚
612 214 788 274 nexui.
810 213 901 271 can.
925 217 969 272 m
1248 216 1301 271 us

242 372 461 461 “inpudicam
481 387 512 439 et
531 388 708 461 vergentem
727 375 833 440 ennid'
851 374 1015 447 dictituns3
1040 394 1112 438 non·
1123 385 1160 438 ut
1174 373 1299 439 Africa-

240 478 318 521 num
333 460 390 523 sibi
405 471 574 545 seponeret,
591 460 644 523 sed
665 482 703 523 ne
717 460 830 545 opibus
843 472 874 521 et
887 458 1019 522 orbitate
1034 459 1148 523 Silanae
1167 460 1297 523 maritus

239 543 401 627 potiretur.
445 544 512 620 llle,
532 566 587 629 spe
609 544 733 607 ultionis
750 544 865 621 oblata,
883 556 974 628 parnt
987 559 1178 607 accusatores
1191 568 1229 607 ex
1244 545 1298 607 cli-

240 627 363 691 entibus
376 628 450 703 suis,
467 628 603 692 Iturium
619 642 651 693 et
666 628 846 705 Calvisium,
861 650 924 694 uon
937 639 1042 691 vetere
1055 643 1086 693 et
1100 628 1213 714 saepius
1229 630 1296 715 jem

238 712 344 793 audita
355 711 507 791 deferenS,
525 720 547 751 “
562 712 650 799 quod
663 714 832 778 Britannici
843 724 973 777 mortem
984 713 1114 799 lugeret,
1126 726 1184 775 eut
1199 713 1296 776 Oete-

238 794 297 859 viae
317 795 446 883 injurias
460 799 620 883 evulgaret
631 800 661 872 ;”
684 799 748 877 sed,
765 798 999 863 “destinavisse
1013 821 1092 877 eam,
1113 796 1297 862 Rubellium

238 879 397 956 Plautum,
415 906 471 971 per
489 898 658 947 maternam
675 883 1073 982 originem-pariaeNero
1092 882 1195 969 gradu
1214 905 1233 945 a
1252 884 1295 945 D.

239 962 399 1051 Augusto,
422 968 464 1031 ad
484 991 533 1032 res
552 990 646 1031 novas
668 968 835 1040 extollere;
857 991 952 1054 conju
986 992 1069 1055 oque
1087 970 1155 1055 ejus
1176 967 1296 1053 etjam

238 1048 368 1147 imperio
384 1053 499 1138 Remp.
514 1062 629 1116 rursus
642 1052 818 1115 invadere.''
861 1054 942 1115 Haec
952 990 1081 1117 illinus
1095 1068 1127 1117 et
1142 1052 1297 1117 Calvisius
1363 1132 1366 1137 .

169 1152 170 1158 ’
239 1136 389 1211 Atimeto,
411 1136 570 1213 Domitiae,
592 1136 725 1199 Neronis
746 1137 861 1213 amitae,
882 1135 1003 1215 liberto,
1021 1139 1173 1224 aperiunt.
1217 1138 1295 1214 Qui,

237 1218 328 1283 laetus
345 1220 466 1299 oblatis,
483 1220 615 1306 (quippe
628 1220 709 1284 inter
724 1221 932 1306 Agrippinum
946 1233 978 1284 et
992 1223 1163 1285 Domitiam
1177 1222 1298 1285 infensa

238 1304 393 1369 aemulatio
414 1305 641 1386 exercebaturl‘
653 1305 798 1370 Paridem
819 1306 1008 1383 histrionem,
1030 1306 1177 1371 libertum
1197 1320 1228 1369 et
1249 1307 1298 1391 ip-

271 1523 312 1570 Ne
322 1522 402 1583 cplbm
411 1528 433 1571 et
445 1522 540 1570 orbitate
551 1524 608 1587 Sil]
632 1522 752 1587 Explieari
783 1496 907 1574 Rubellius
918 1522 1024 1573 Blandus
1032 1524 1130 1573 maritas
1140 1522 1214 1573 Juliae
1223 1521 1305 1588 Drusi

239 1586 323 1635 etierri
332 1586 464 1650 posses'cio:
478 1586 602 1635 sedtarmn
611 1603 656 1635 non
664 1588 751 1645 celabo,
783 1586 838 1636 eliu
850 1587 910 1634 luit:
928 1603 957 1636 ex
972 1589 1000 1637 iis
1014 1588 1106 1652 genitus
1120 1587 1158 1636 hie
1171 1589 1298 1637 Rubellius

238 1650 298 1697 mihi
318 1650 343 1697 in
359 1660 460 1699 mentem
477 1651 564 1699 venisse
579 1666 609 1699 m
627 1654 707 1713 opibus
722 1666 756 1698 eu.
784 1650 1140 1711 Piramafl'abulamnostram
1151 1648 1197 1700 adi.
1221 1653 1295 1701 [uns
1370 1697 1375 1704 .

239 1716 336 1761 orbitate
346 1730 365 1761 e.
376 1730 408 1761 m.
418 1717 543 1776 potiretur.
575 1716 648 1763 Etru.
785 1714 873 1777 Tangit
888 1716 1002 1764 Torrentii
1020 1726 1102 1765 notun
1114 1718 1145 1765 ad
1160 1719 1224 1765 Suet.
1239 1718 1295 1765 Ner.

271 1780 318 1839 Spe
339 1780 435 1826 ultiouis
456 1780 511 1841 obt]
551 1778 641 1827 Caussa
662 1778 751 1829 addunt
784 1778 1205 1843 35.quemexcusatRyckiusedlt.l.
1222 1781 1294 1828 Eun.

238 1847 293 1889 vett.
312 1856 392 1890 omnes
411 1841 465 1889 inde
483 1856 499 1888 e
517 1842 665 1901 Puteolen03
688 1844 751 1907 quod
784 1841 815 1889 V.
827 1853 851 1890 et
863 1842 900 1901 lu,
914 1846 951 1891 10.

238 1906 342 1953 Faernus
358 1906 484 1969 corrigebat
501 1920 563 1953 cusu.
596 1907 703 1967 Quorum
721 1908 751 1954 li·
826 1908 988 1971 conjugioque
1012 1912 1063 1971 uus
1089 1911 1161 1957 amm
1190 1912 1297 1971 Imperio

238 1970 333 2017 brorum
354 1970 487 2017 auctoritate
508 1971 626 2019 sublatum
647 1972 684 2030 sit,
705 1986 751 2018 non
784 1972 869 2032 Remp.
882 1986 966 2019 rursus
978 1972 1100 2037 inuadere]
1114 1973 1218 2020 Faernus
1234 1974 1296 2037 lege-

238 2034 332 2096 reperio.
365 2034 419 2097 Ego
435 2048 482 2081 non
498 2035 571 2096 reperi
586 2035 610 2081 i'n
627 2034 663 2081 ed.
677 2050 712 2097 pr.
726 2035 751 2082 in
783 2036 831 2092 bat,
857 2036 973 2098 conjugio
997 2038 1046 2098 eju
1067 2038 1138 2084 etiam
1160 2040 1295 2098 Imperium

239 2112 286 2159 que
303 2106 408 2159 corrupte
424 2100 588 2157 speculationes
602 2112 645 2161 pro
660 2114 699 2159 spe
716 2100 751 2144 ul·
784 2113 875 2144 rursus.
920 2099 1017 2147 Ursinus
1045 2115 1106 2158 vero,
1135 2101 1296 2162 cmjsagtoque

154 2168 156 2173 ‘
239 2164 309 2207 timis
326 2160 395 2207 utin
413 2160 492 2209 Guelf.
510 2161 643 2223 quitamen
661 2162 752 2224 etipse
779 2164 855 2221 petito
873 2165 956 2225 Remp.
973 2179 1056 2209 rursus
1073 2166 1200 2211 inuadere.-
1223 2166 1296 2212 etsie

239 2222 406 2272 caussahabet.
438 2225 510 2272 Enu-
544 2224 751 2287 lludspeculutio-
783 2224 831 2271 fere
844 2225 962 2286 Muretus,
977 2228 1018 2291 qui
1033 2236 1112 2275 temen
1124 2228 1234 2289 relinquit
1246 2232 1296 2290 ejus
1338 2263 1356 2278 ,μ

238 2290 459 2335 uisceuseaoblutu.
783 2292 862 2335 etium.
886 2290 988 2339 Picbena
996 2298 1143 2354 pactosque
1154 2293 1223 2338 verbo
1234 2306 1296 2353 serpe

270 2354 390 2415 Iturium]
411 2352 502 2409 Veniat,
529 2354 660 2415 Titurium,
682 2363 752 2417 etque
783 2354 857 2400 utitur
874 2353 899 2399 in
914 2354 958 2401 hac
974 2371 999 2401 re
1014 2355 1118 2402 Tacitus.
1150 2355 1195 2402 Sed
1211 2355 1236 2401 in
1252 2356 1297 2401 hac

238 2417 271 2464 ita
282 2416 383 2464 scribunt
393 2416 447 2463 libri
457 2424 543 2464 veteres
557 2419 596 2477 14,
609 2419 645 2465 lu.
671 2418 752 2466 Simile
783 2416 879 2465 lectione
892 2416 961 2481 friget
973 2421 1052 2465 ctiam.
1084 2419 1114 2465 ln
1128 2418 1200 2466 MSS.
1213 2421 1297 2466 estvet

238 2479 433 2536 mendumadQ.
444 2481 549 2528 Fratrem
561 2483 586 2540 3,
598 2483 622 2536 7.
648 2484 752 2530 Aeta.
778 2484 856 2541 perio,
867 2482 977 2529 utqul.
988 2492 1012 2530 et
1022 2484 1081 2545 Reg-
1093 2483 1129 2530 rel
1136 2485 1212 2544 potiri
1223 2498 1258 2541 cc,
1267 2493 1295 2530 ut

239 2547 331 2592 lituum
348 2552 370 2591 et
385 2546 416 2590 ad
433 2547 564 2605 Ligrtrium
580 2547 670 2594 litteras
686 2549 750 2594 dubo.
768 2546 807 2590 'in
825 2545 999 2593 Oxon.'(luelf.
1018 2548 1054 2594 vel
1072 2549 1207 2607 imperium,
1225 2548 1295 2594 utin

239 2606 334 2666 Melim,
350 2611 479 2662 Titurium,
491 2608 567 2670 quiin
580 2608 750 2672 Cesarislega.
783 2614 842 2670 Agr.
875 2610 948 2672 Vulg.
967 2618 1002 2658 est
1022 2609 1046 2656 in
1068 2609 1177 2657 omnibus
1198 2609 1249 2656 edd.
1266 2607 1300 2659 J(

239 2673 276 2720 tis.
310 2672 385 2722 bles.
420 2671 482 2718 Mox
503 2671 554 2719 cod.
576 2673 613 2720 Fl.
634 2676 752 2734 differens
783 2672 914 2720 Gronovius
935 2673 1045 2736 corrigit:
1073 2677 1224 2735 conjugioque
1245 2678 1294 2736 ejas

238 2737 348 2785 Ceterum
367 2753 388 2785 v.
408 2737 495 2798 Interp.
516 2736 547 2782 ad
570 2737 648 2790 Valer.
667 2739 704 2790 ΕΙ.
728 2741 752 2794 1,
783 2737 843 2782 clam
861 2739 943 2799 petito.
976 2737 1133 2785 Lmsssimum
1154 2746 1189 2784 eet
1208 2738 1234 2785 d.
1253 2739 1293 2786 Fr.

211 2801 212 2804 ’
238 2801 293 2856 753.
315 2801 387 2850 Eun.
412 2799 750 2862 Butl.al.m.differcma2.
784 2799 1296 2864 Gron.in0bsl,22p.l7l.coujugioqm

237 2867 348 2928 deferens.
434 2895 435 2898 =
783 2866 875 2925 eumer
884 2867 937 2927 jum
949 2866 1056 2926 imperio,
1068 2864 1084 2911 i.
1096 2879 1116 2910 e.
1129 2879 1186 2911 mox
1195 2865 1233 2911 vel
1247 2875 1295 2913 sta·

237 2951 239 2958 ¹
270 2931 405 2978 Rubellium
428 2930 556 2992 Plautum]
580 2929 653 2978 Recte
678 2929 750 2978 Plau·
783 2929 834 2974 tim.
850 2928 923 2975 Eun.
956 2929 1017 2976 Bud.
1031 2928 1131 2976 habebat
1141 2931 1251 2989 imperio,
1264 2945 1294 2976 ex
1334 2937 1336 2941 ’

237 3001 298 3042 tum.
330 2995 415 3042 Noster
432 2995 471 3051 14,
488 2999 527 3040 22.
551 2996 750 3044 Etomuiumore
783 2997 899 3053 queam.
911 2991 965 3041 iecit
971 2994 1053 3054 potiri
1071 2991 1211 3038 Emendatio
1219 2992 1294 3040 Gron.

239 3059 362 3106 Rubellius
381 3059 484 3105 Plautus
499 3057 633 3113 celebratur,
652 3061 691 3105 cui
709 3073 750 3105 uo·
783 3055 823 3102 vix
838 3055 910 3103 dubie
926 3071 973 3104 esse
989 3065 1071 3119 potest.
1101 3055 1161 3102 Hill.
1179 3056 1237 3104 Rae.
1254 3058 1294 3111 37.

239 3123 317 3170 bilitas
334 3137 380 3182 per
398 3128 498 3168 mairem
515 3136 545 3167 eu
561 3122 627 3172 Juliu
641 3119 751 3184 scurilia,
782 3118 853 3181 legit:
865 3123 1017 3182 conjugioque
1026 3121 1295 3182 pusuiumimperium

240 3186 331 3234 Iterum
351 3187 390 3240 57.
415 3188 580 3245 conumque
595 3188 710 3234 Pbtutum
728 3193 751 3232 et
778 3185 997 3246 putriumjuu.
1098 3226 1103 3229 .

70 3295 108 3323 a·
193 3295 196 3303 ,
239 3252 331 3310 Sullam
341 3251 444 3297 mustum
457 3250 541 3296 umeri.
557 3251 592 3304 16,
605 3251 643 3297 10.
670 3253 750 3298 Iutem
813 3248 920 3294 Atimeto
929 3249 1056 3311 Dmnilia]
1068 3248 1137 3295 AEtas
1147 3261 1193 3296 non
1204 3249 1295 3307 abnuit,

231 3309 326 3378 fectum
340 3328 387 3362 esse
400 3314 534 3361 Rubellium
546 3311 667 3373 Plautum,
679 3329 749 3374 gem·
781 3311 839 3372 quin
854 3313 884 3359 sit
898 3311 939 3360 ille
954 3312 1056 3370 libertus,
1072 3312 1102 3358 de
1115 3326 1163 3374 quo
1178 3312 1246 3359 bodie
1258 3312 1296 3358 in-

238 3395 293 3425 rum
311 3379 341 3425 L.
364 3379 460 3426 Veteris.
494 3377 626 3442 Grecisque
643 3388 750 3425 consten—
781 3375 873 3437 scriptio
885 3375 910 3422 in
924 3376 1012 3424 sedibus
1022 3375 1149 3422 Caesicrum
1161 3377 1212 3438 (ap.
1223 3377 1293 3424 Grut.

238 3451 273 3490 ter
290 3457 379 3504 semper
389 3439 509 3493 'neutros
541 3441 590 3488 Ubi
606 3457 660 3504 ergo
676 3442 748 3496 frons,
763 3440 766 3446 '
781 3453 805 3500 p.
817 3442 864 3488 607
874 3438 901 3495 lx
914 3451 1071 3486 crimenve.
1085 3452 1237 3486 eruemur.
1254 3451 1294 3488 rr.

238 3508 344 3554 Piorum
360 3513 401 3553 aut
418 3506 525 3551 Blandus
542 3505 748 3553 substituendum?
782 3515 991 3551 cunssnrsuvo,
998 3515 1295 3553 murmurmurmur.

237 3571 274 3618 At
284 3569 347 3627 enim
359 3575 425 3632 peter
438 3567 473 3614 illi
483 3567 528 3615 fuit
539 3568 662 3616 Rubellius
675 3569 748 3618 Blan.
781 3581 835 3612 eum
859 3567 960 3614 carmine
981 3567 1089 3614 Romano
1110 3567 1245 3630 Graernque,
1268 3568 1295 3615 in

237 3634 288 3682 dus.
321 3634 402 3682 Hono
411 3633 748 3694 inconspeete,annescisple-
780 3639 878 3677 mortem
890 3631 1026 3678 Homonoeae
1041 3631 1153 3694 conjugis.
1185 3631 1208 3677 Ii
1225 3631 1296 3678 domo

237 3713 319 3762 rosque
338 3697 438 3746 filiorum
457 3696 593 3758 cognomine
611 3712 625 3742 a
646 3695 750 3758 putribus
780 3695 843 3740 enim
855 3695 974 3757 Pamphili
984 3694 1103 3742 Tiberiani
1111 3695 1188 3742 liberti
1198 3695 1294 3743 transire

238 3762 339 3810 diversos
349 3761 420 3808 fuisse
429 3760 474 3806 hoc
484 3760 550 3808 aevo?
568 3759 645 3806 Taciti
651 3776 698 3808 una
709 3769 749 3807 aut
778 3756 809 3804 ul
824 3757 885 3805 hanc
898 3758 1027 3806 Domitiam
1044 3758 1128 3821 potuit.
1160 3758 1198 3806 De
1214 3759 1295 3807 eodem

238 3826 309 3874 altera
325 3826 411 3889 pagina
431 3823 473 3870 tibi
491 3824 560 3872 testis.
593 3823 623 3870 In
640 3823 749 3872 Juveneli
781 3821 876 3869 sortasse
892 3823 1005 3870 Scribonii
1022 3823 1094 3884 largi
1111 3822 1175 3869 locus
1192 3832 1235 3880 est,
1253 3823 1294 3870 sed

239 3906 293 3953 ergo
317 3889 404 3950 corrige
426 3888 475 3935 Sat.
498 3889 522 3944 8,
546 3890 694 3936 39.-·'tcc'um
716 3895 749 3935 est
781 3885 883 3946 ussus,
896 3887 911 3948 ξ
924 3886 987 3934 llus
1011 3886 1087 3933 esset
1101 3887 1195 3946 medici,
1206 3886 1292 3950 inquit,

240 3957 299 4002 mibi
311 3967 387 4001 sermo
398 3953 490 4000 Rubelli
507 3953 599 4006 Pluute,
615 3959 689 3999 tremes
703 3953 751 4000 cito
782 3952 851 3996 colice
861 3952 926 4008 bone,
935 3952 1017 3997 multis
1024 3957 1079 3997 uoto
1085 3957 1183 4011 prepter
1190 3952 1292 4010 effeaus,

241 4021 374 4076 Deusorum
384 4017 505 4078 'sauguine
528 4017 659 4074 Suetonius,
667 4017 708 4079 qui
718 4017 750 4064 A.
783 4029 839 4061 veru
849 4016 898 4062 boec
909 4020 959 4061 erte
977 4021 1004 4060 ut
1015 4015 1043 4059 ab
1051 4016 1101 4076 ejus
1114 4029 1180 4060 servo
1192 4016 1302 4078 Atimeto·

242 4082 364 4131 Plancium
378 4080 502 4144 quemdum
517 4081 626 4138 juvenem
638 4079 750 4138 nominat,
782 4081 867 4138 accepi,
878 4081 968 4140 Legata
982 4079 1071 4124 Tiberii
1085 4079 1192 4125 Caesaris.
1226 4077 1294 4135 Quo-

242 4161 289 4194 non
304 4146 347 4194 tibi
359 4146 478 4207 imponet:
496 4144 554 4190 alius
567 4152 600 4190 est
615 4145 644 4192 ab
659 4143 711 4201 isto,
725 4153 753 4191 ut
784 4143 853 4189 modo
865 4143 927 4189 enim
942 4155 1020 4189 servus
1035 4142 1125 4204 legatus
1138 4140 1234 4189 Caessris
1247 4141 1294 4188 siti

242 4211 318 4258 dicam
330 4211 370 4265 li,
378 4212 417 4254 59.
425 4207 658 4269 ubidemortebujus
666 4207 752 4255 Plauti.
783 4205 894 4262 Scribam,
910 4207 986 4268 legato
1007 4207 1100 4252 Tiberio
1122 4205 1229 4253 Ceteri:
1251 4204 1295 4252 'nac

243 4273 315 4332 Quod
326 4271 471 4329 aitTucitus,
483 4270 596 4332 perieum
611 4271 685 4334 gradu
696 4272 752 4320 aD.
785 4279 870 4326 mente,
888 4279 915 4318 ut
932 4286 946 4316 u
965 4268 1045 4318 Casio
1061 4267 1172 4316 moriente
1192 4269 1296 4340 legatum

242 4334 608 4400 AngusutuiueacNeronem
622 4336 753 4385 idolerum.
785 4334 877 4382 relictus
888 4335 917 4382 sit
928 4333 1031 4382 Tiberio.
1062 4333 1137 4381 Iure.

286 4420 362 4464 von.
377 4419 413 4462 11.
565 4444 568 4450 -
864 4458 874 4472 ,,
1130 4418 1150 4460 n
1214 4416 1217 4419 ·
1252 4429 1256 4433 ·
