3042 4950
252 223 311 285 sta
675 224 902 287 ANNALIUM
941 239 946 245 ·
1140 231 1227 303 [an.
1241 230 1311 289 820.

247 384 368 451 crimini
382 385 516 451 dabatur
534 386 700 451 “amicitia
715 388 833 467 Plauti,
843 402 875 453 et
884 387 1014 453 ambitio
1025 387 1310 475 concilianda-pm-

247 468 356 533 vinciae
370 468 410 533 ad
430 494 498 557 spes
519 474 642 536 novas.”
686 473 828 559 Tempus
848 472 1037 556 damnationi
1056 472 1221 551 delectum,
1242 497 1320 559 quo·

249 553 407 619 Tiridates
429 555 607 642 accipiendo
622 556 781 623 Armeniae
801 581 898 645 regno
917 556 1125 621 adventabat:
1151 569 1188 620 ut
1201 557 1241 620 ad
1255 580 1311 621 ex·

250 650 338 702 terna
357 640 535 711 rumoribus
555 640 735 705 intestinum
753 641 855 707 scelus
875 643 1101 719 obscuraretur,
1119 665 1171 719 an,
1191 655 1228 704 ut
1245 664 1311 706 ma-

247 723 442 807 gnitudinem
472 726 706 810 Imperatoriam
735 726 820 789 caede
843 725 1011 812 insignium
1040 725 1189 803 virorum,
1220 727 1307 811 quasi

247 806 333 893 regio
347 808 492 887 facinore,
508 823 684 873 ostentaret.
1035 845 1039 851 ·
1266 852 1270 861 ·

292 892 424 955 XXIV.
449 894 563 978 Igitur,
583 895 665 957 omni
686 896 810 959 civitate
831 896 871 961 ad
892 892 1107 981 excipiendum
1130 894 1315 990 Principem

248 977 514 1063 spectandumque
536 980 656 1063 Regem
673 979 781 1056 effusa,
802 981 952 1055 Thrasea,
974 1001 1104 1041 occursu
1121 978 1305 1064 prohibitus,

247 1082 309 1124 non
324 1061 447 1125 demisit
461 1062 618 1125 animum:
642 1064 695 1127 sed
712 1065 868 1128 codicillos
885 1064 925 1127 ad
946 1065 1104 1127 Neronem
1123 1064 1307 1149 composuit,-

247 1146 407 1242 requirens
429 1153 449 1185 “
460 1147 595 1232 objecta,
616 1162 647 1211 et
670 1171 771 1234 expur
812 1150 938 1213 turum”
958 1147 1151 1226 adseverans,
1176 1156 1198 1187 “
1212 1148 1237 1211 si
1251 1170 1313 1210 noa

248 1230 348 1293 titiam
370 1230 534 1295 criminum
554 1245 586 1295 et
603 1233 721 1318 copiam
743 1232 776 1296 di
790 1233 884 1297 uendi
905 1232 1090 1296 habuisset.''
1131 1234 1197 1295 Eos
1221 1232 1308 1296 codi-

246 1313 333 1377 cillos
356 1317 442 1379 Nero
465 1331 665 1401 properanter
686 1318 815 1402 accepit,
893 1364 903 1395 ,
926 1316 1106 1380 exterritum
1131 1316 1305 1381 Thraseam

246 1399 411 1485 scripsisse,
434 1422 490 1485 per
508 1424 582 1485 quae
602 1400 816 1465 claritudinem
839 1341 994 1487 lliincipis
1013 1398 1181 1476 extolleret,
1199 1422 1304 1463 suam·

246 1504 308 1568 que
322 1484 436 1550 lamam
452 1484 674 1549 dehonestaret.
716 1487 810 1563 Quod
831 1486 885 1551 ubi
906 1508 969 1549 non
991 1483 1104 1562 evenit,
1120 1483 1304 1570 vultumque

246 1579 278 1630 et
306 1569 432 1653 spiritus
457 1583 488 1632 et
512 1568 684 1633 libertatem
712 1570 842 1635 insontis
869 1572 953 1635 ultro
981 1568 1136 1646 extimuit,
1164 1576 1186 1607 “
1202 1568 1304 1633 vocari

248 1653 374 1715 Patres''
392 1652 491 1738 jubet.
538 1656 625 1718 Tum
650 1655 791 1719 Thrasea
817 1656 898 1720 inter
926 1654 1084 1741 proximos
1111 1652 1304 1731 consultavit,

247 1744 268 1776 “
281 1750 453 1801 tentaretne
479 1737 699 1817 defensionem,
725 1763 766 1803 an
790 1742 976 1826 sperneret.”
1019 1738 1152 1803 Diversa
1179 1737 1304 1826 consilia

247 1820 476 1885 adferebantur.
547 1834 555 1861 ¹*

290 1907 403 1972 XXV.
427 1908 549 1984 Quibus
570 1908 678 1972 intrari
699 1909 816 1973 curiam
836 1908 988 1995 placebat,
1014 1915 1036 1947 ‘⁴
1051 1929 1252 1985 securoscsse
1264 1909 1304 1971 de

236 1990 416 2056 'constantia
431 1992 526 2077 ejus,”
540 1994 703 2057 dixerunt:
727 2002 748 2034 ‘⁴
760 1993 836 2056 nihil
846 1994 1015 2072 dicturum,
1026 1993 1086 2056 nisi
1097 1990 1305 2078 qu0·g10riam

245 2098 286 2139 au
310 2092 381 2140 eret.
414 2078 531 2164 Segnes
539 2091 570 2141 et
578 2076 707 2164 pavidos
716 2078 938 2163 supremissuis
947 2090 1097 2143 secretum
1105 2076 1303 2140 circumdare.

246 2163 271 2222 A
297 2162 426 2247 spiceret
448 2163 586 2261 populus
610 2163 726 2240 vivum,
748 2162 840 2227 morti
862 2163 1001 2241 obvium,
1025 2161 1147 2226 audiret
1172 2162 1305 2227 Senatus

245 2268 346 2323 vocer,
368 2270 457 2331 quasi
476 2270 514 2311 ex
535 2248 640 2335 aliquo
661 2246 799 2327 numine,
821 2270 916 2333 supra
936 2248 1107 2311 humanos:
1130 2270 1220 2332 posse
1238 2246 1305 2333 ipso

245 2429 279 2477 sd.
298 2444 333 2494 pr.
351 2430 427 2479 Rhen.
446 2430 472 2496 (e
490 2429 566 2496 Bud)
601 2431 688 2483 Cetera
707 2441 761 2482 ante
792 2432 962 2482 tertiamecum
972 2432 1048 2491 malit,
1058 2433 1194 2495 scripsisses
1209 2431 1306 2496 etquod

245 2494 322 2543 Rhea.
359 2498 458 2543 mattam
490 2498 578 2546 solenni
613 2499 760 2546 aberratione.
792 2496 983 2562 previdulirmat
994 2496 1217 2545 Flannunccodcx.
1229 2496 1307 2545 laras.

244 2558 301 2606 Post
326 2559 404 2606 Rhea.
429 2561 519 2624 irrepsit
543 2562 568 2608 in
590 2561 759 2626 Gryphianum,
791 2564 916 2626 διψήσει
931 2561 999 2610 ctiam
1015 2561 1100 2610 codri
1129 2560 1183 2608 .ed.
1192 2575 1227 2622 pr.
1258 2561 1305 2609 Sed

243 2623 331 2686 opinor,
345 2625 453 2682 invitam,
465 2639 586 2687 operarum
597 2625 660 2673 vitio.
688 2625 758 2672 Eam.
791 2627 862 2674 iidem
877 2625 931 2674 libri
947 2625 1026 2673 fluat.
1044 2625 1094 2688 (Bu
1130 2628 1236 2686 etAgr.)
1252 2625 1305 2673 edd.

275 2687 392 2733 Amicitia
414 2687 510 2752 Plauti]
539 2689 601 2736 Vide
621 2689 651 2736 de
671 2691 761 2736 Plauto
792 2690 847 2738 Pur.
864 2689 920 2738 Ber.
939 2688 1007 2736 edam
1026 2704 1092 2750 sape.
1124 2685 1306 2754 Rhadaman

246 2751 285 2810 14,
297 2751 337 2809 57,
349 2752 389 2797 59.
406 2751 468 2798 Mox
479 2751 542 2799 Bud.
553 2754 715 2799 damnationis.
792 2754 853 2816 ing.)
870 2752 942 2800 edidit
959 2766 1006 2814 spe.
1040 2755 1142 2800 Seuere
1160 2751 1262 2801 defendit
1279 2753 1306 2801 J.

280 2815 313 2862 Ut
323 2815 354 2861 ad
367 2822 463 2862 esterna
476 2818 608 2863 ruinartius
622 2817 758 2864 intestinum
778 2818 819 2875 Ἑ.
840 2816 969 2867 Gronovius
987 2831 1024 2879 ep.
1041 2816 1071 2864 sd
1087 2815 1184 2864 Salmas
1200 2817 1306 2865 &1638-

243 2879 316 2925 scalas
337 2881 511 2943 obscuraretur]
533 2877 571 2928 Sic
595 2893 674 2928 ornnes
697 2880 758 2928 libri.
790 2881 881 2944 scripta,
900 2880 1001 2943 itemque
1018 2879 1077 2928 Obs.
1095 2884 1117 2933 2.
1132 2883 1157 2925 ἠ.
1170 2883 1261 2940 pm
1278 2891 1309 2929 ut

243 2943 329 2990 Sensus
344 2950 394 2998 αις
412 2943 469 2991 dum
488 2958 590 2991 rumores
607 2952 630 2991 et
646 2957 761 2992 emmona
792 2947 887 2992 sendus
898 2944 935 3004 rit,
946 2958 1074 2992 animosus
1084 2941 1307 3006 concepisss,deda-

241 3005 365 3054 hominum
386 3015 550 3068 occuparentur
569 3007 676 3055 externis.
713 3008 760 3056 Sed
791 3023 860 3068 ressa
877 3008 936 3056 sicut
949 3023 987 3070 ap.
1012 3007 1145 3056 Charonea
1161 3022 1221 3070 saepe
1235 3008 1307 3056 libere

242 3070 326 3118 modus
343 3069 453 3134 loquendi
469 3079 504 3118 est
520 3070 603 3118 durior.
638 3071 760 3120 Acidalius
791 3076 884 3127 mutire,
901 3080 1007 3134 ctsnpra
1024 3071 1113 3129 lust.
1128 3085 1208 3117 sensas
1223 3071 1306 3118 mitat.

242 3133 297 3181 sudi
315 3134 405 3183 volebat
424 3137 515 3182 aaran
535 3135 635 3182 Grutero
655 3136 760 3197 placebat
790 3135 1046 3184 sialandensem.
1061 3135 1170 3182 Gronorii
1183 3133 1246 3196 epist·
1262 3149 1306 3181 ex·

241 3199 273 3244 ad
288 3206 385 3245 esterna
398 3213 524 3247 rumorum.
557 3199 627 3246 Eam.
659 3199 761 3246 Acidalii
790 3198 1118 3261 tatinBurm.Syll.t.2.p.
1131 3197 1186 3251 573.

242 3262 758 3386 ‚tr
793 3265 1031 3391 (ιιι
1056 3261 1094 3389 ,ι
1113 3259 1306 3388 ιιι

243 3387 372 3451 vulgatam
388 3343 552 3438 benetuenetilu
565 3389 758 3453 Bip.inqusnil
790 3390 947 3440 llludverias.
980 3387 1306 3438 Moxeucavotenumo-

243 3451 303 3498 duri.
332 3454 434 3511 Sensus;
451 3453 758 3502 ubihomincsinurbeor«
790 3455 878 3502 slotius·
904 3453 972 3502 Eur.
1164 3481 1167 3487 ·

243 3525 357 3577 cupiatur
367 3517 472 3564 saumis.
823 3521 941 3567 &urtam
955 3515 1111 3580 circumdare]
1134 3515 1200 3562 Bone
1215 3514 1262 3562 mei
1273 3513 1305 3562 li-

280 3580 384 3626 Thrarca
406 3595 502 3627 occursu
519 3578 664 3643 prohibitus]
687 3579 759 3640 Quot
791 3582 964 3645 bri‚praeqnod
971 3581 1050 3644 vnlgn,
1062 3581 1135 3628 otiam
1145 3579 1305 3630 darcslarrs.

243 3641 337 3704 Quum
349 3643 557 3706 mbcetrnndpii
570 3643 719 3708 indignantis,
735 3653 759 3692 et
790 3646 864 3694 Sicet
876 3645 937 3705 Flos.
950 3645 1028 3692 aaut.
1041 3644 1079 3692 sd.
1091 3658 1128 3707 pr.
1156 3641 1228 3690 Eas.
1255 3642 1305 3690 Rc·

242 3720 259 3752 a
280 3721 304 3753 se
327 3715 398 3769 atque
422 3705 530 3769 ιάερεαιι
558 3723 600 3756 suo
625 3705 757 3769 spernentis.
791 3705 1228 3770 ceperecertatirnrecentioreseditores.
1239 3705 1304 3754 Bud.

242 3768 302 3817 Tele
312 3769 454 3832 Vespasiano
469 3770 556 3818 iactum
572 3772 602 3818 ab
614 3770 694 3819 ecdem
709 3771 759 3820 Ne-
790 3772 860 3821 habet
869 3779 982 3820 secretam
991 3773 1066 3819 ctiam
1075 3770 1227 3825 circumdare,
1238 3768 1304 3818 nullo

242 3847 305 3888 rone,
316 3833 379 3896 apud
390 3833 526 3882 Suetonium
536 3833 561 3880 in
571 3833 642 3897 Vesp.
653 3839 676 3882 4.
696 3835 760 3882 Pro·
791 3851 867 3885 sensn.

240 3897 387 3944 bibitum
400 3897 548 3944 mamma
555 3899 759 3957 modamdetinm
824 3903 904 3963 Sapra
925 3899 1051 3974 tanam]
1067 3895 1106 3944 Sic
1123 3911 1204 3944 omnes
1221 3903 1305 3960 prater

237 3961 335 4020 patrea
350 3962 495 4008 saturum.
527 3961 616 4024 Atque,
633 3969 661 4008 ut
674 3961 708 4010 ibi
719 3963 760 4010 ille
791 3964 853 4012 Ποῖ.
870 3974 893 4013 ct
908 3964 944 4012 ed.
960 3979 996 4026 pr.
1011 3963 1053 4008 ubi
1065 3961 1178 4008 bernacer
1191 3960 1207 4008 i.
1222 3975 1242 4007 e.
1260 3959 1305 4006 ho-

241 4023 533 4087 selntationcprohibitru,
553 4025 585 4074 sic
599 4025 642 4073 ists
655 4039 758 4074 meursii.
790 4028 881 4090 mines3
900 4026 963 4090 qaod
980 4026 1080 4073 illmtrat
1099 4033 1151 4088 post
1170 4022 1226 4073 alios
1250 4023 1304 4083 Ry-

244 4085 319 4134 nias.
791 4090 864 4149 cirins,
894 4093 1021 4154 probatque
1045 4102 1099 4136 eum
1123 4088 1151 4135 J.
1177 4085 1303 4134 (imnerio.

276 4153 336 4198 Non
357 4151 451 4198 amisi
468 4149 585 4212 ammata]
607 4149 669 4200 Bud.
688 4155 758 4201 dimi-
791 4153 856 4200 Ante
931 4168 961 4200 ca·
976 4154 1061 4213 aliquo,
1077 4149 1139 4214 qnod
1153 4148 1225 4196 edidit
1238 4149 1307 4196 ilhe-

242 4215 285 4260 stt.
789 4228 864 4264 nantis
886 4214 980 4276 eBnd.)
1000 4213 1145 4279 oetqusmin
1160 4212 1197 4260 FL
1214 4213 1250 4260 cd.
1267 4225 1306 4274 pr.

276 4276 429 4326 ammaum
443 4279 572 4328 Thraecam
581 4279 757 4342 marime15en-
789 4279 830 4328 alii
846 4278 932 4327 habent
947 4293 977 4327 ex
992 4280 1098 4338 qudam,
1113 4284 1141 4326 ut
1153 4275 1232 4326 naar.
1246 4276 1304 4324 Pot.
