3042 4950
222 249 288 307 ssa
644 242 888 307 urrunnunv
937 236 955 283 ³³
1106 248 1279 319 [nasius

229 403 429 492 adquirehdae
449 406 587 492 pecuniae
610 406 735 469 brevius
751 408 815 470 -iter
836 406 1065 493 credebat,'per
1085 406 1273 491 procuratio

230 514 284 554 nes
305 489 553 555 administrandis
567 490 720 575 Principis
741 492 878 575 negotiis.
924 491 1015 554 Idem
1035 490 1191 553 Annaeum
1208 490 1277 552 Lu-²

231 594 343 637 canum
363 588 522 658 genuerat,
536 574 654 660 grande
674 574 889 660 adjumentum
912 574 1119 638 claritudinis:
1143 596 1207 658 quo
1228 574 1274 635 in-

232 658 370 734 terfecto,
385 657 459 720 duni
482 681 547 721 rem
569 657 751 721 familiarem
774 658 842 743 ejus
863 659 972 721 acriter
991 657 1130 743 requirit,
1147 657 1278 721 adcusa'

233 758 330 805 torem
344 742 474 805 concivit
495 742 629 806 Fabium
648 741 839 820 Romanum,
862 764 901 805 ex
922 742 1037 805 intimis
1059 742 1178 805 Lucani
1200 740 1274 803 arni·

234 824 285 889 cis.
330 832 352 863 “
364 824 469 888 Mixta
487 826 567 888 inter
587 838 706 910 patrem
726 824 887 923 filiumque
901 825 1121 912 conjurationis
1135 825 1275 888 seientia”

233 908 372 994 fingitur,
397 908 586 973 adsimulatis
611 909 733 971 Lucani
755 908 882 983 interret
913 932 991 995 quas
1013 909 1165 995 inspectas
1190 910 1275 972 Nero

236 992 340 1055 “ferri
353 991 394 1055 ad
408 995 497 1055 eum''
515 992 617 1079 jussit,
632 993 745 1077 opibus
759 994 826 1080 ejus
844 994 977 1057 inhians.
1021 998 1066 1057 At
1080 992 1187 1069 Mella,
1204 1016 1275 1089 quae

234 1090 302 1140 tum
315 1077 544 1164 promptissima
558 1076 663 1139 mortis
676 1076 736 1153 via,
752 1077 882 1141 exsolvit
895 1101 1006 1141 venas:
1024 1078 1143 1163 scriptis
1157 1076 1278 1139 codicil-'

234 1160 283 1238 lis,
302 1160 417 1245 quibus
436 1160 584 1259 grandem
603 1160 768 1247 pecuniam
788 1161 821 1223 in
843 1160 1044 1247 Tigellinum,
1056 1174 1277 1246 generumque

235 1245 315 1321 e'us,
326 1248 545 1309 Cossutianum
554 1244 746 1330 Capitonem,
756 1246 912 1329 erogabat,
925 1259 1097 1330 quocetera
1109 1260 1275 1308 manarent.

270 1328 377 1391 dditur
390 1329 546 1405 codicillis,
561 1342 718 1412 tamquam
734 1327 774 1391 de
793 1328 953 1413 iniquitate
967 1329 1053 1393 exitii
1067 1352 1209 1427 querens,
1232 1330 1279 1391 ita

238 1412 406 1498 scripsisse:
425 1412 627 1497 “sequidem
642 1411 719 1474 mori
733 1411 825 1475 nullis
840 1413 980 1559 sqpplicii
995 1436 1126 1486 causs1s;
1145 1414 1279 1475 Rufium'

238 1508 341 1559 autem
365 1496 596 1581 Crispinumet
617 1496 765 1559 Anicium
788 1496 859 1559 Ceri
890 1520 938 1559 eru
965 1497 1029 1560 vita
1049 1498 1122 1573 frui,
1144 1496 1279 1563 infensos¹

238 1579 373 1664 Principi
385 1582 412 1641 :''
432 1603 504 1666 quae
518 1580 687 1664 composita
693 1579 898 1643 credebantur
908 1608 915 1657 ;
924 1581 970 1643 ‘de
982 1581 1133 1666 Crispino,
1145 1581 1219 1665 quia
1231 1581 1280 1643 iri-¹¹

238 1663 383 1726 terfectus
397 1678 472 1741 erat,
487 1664 527 1726 de
537 1663 663 1739 Ceriale,
677 1676 713 1725 ut
722 1663 962 1744 interficeretur:
977 1666 1168 1750 nequeenim
1179 1667 1283 1739 multo·

238 1760 309 1831 post
322 1747 383 1808 vim
406 1746 463 1809 sibi
484 1747 607 1824 adtulit,
628 1748 745 1810 minore
758 1769 853 1832 quam
874 1748 967 1812 ceteri
987 1749 1188 1826 miseratione,
1204 1750 1277 1833 quia

238 1830 392 1914 proditam
407 1833 445 1894 C.
462 1830 575 1894 Caesari
589 1832 830 1916 conjurationem
846 1832 937 1895 abeo
952 1833 1160 1895 meminerant.

282 1914 413 1977 XVIII.
429 1914 479 1978 De
494 1917 532 1979 C.
543 1915 688 1978 Petronio
697 1938 797 2001 pauca
807 1938 900 2004 supra
910 1917 1076 2003 repetenda
1085 1930 1165 1981 sunt.
1195 1918 1278 1979 Narn

282 2114 333 2159 Per
351 2114 540 2176 procurationes]
566 2111 603 2159 Ad
626 2127 683 2174 quas
702 2114 745 2161 soli
776 2116 849 2226 und.
867 2104 968 2178 quoque)
985 2122 1007 2163 et
1024 2114 1075 2163 edd
1092 2122 1175 2161 autem
1207 2109 1280 2161 aar.

239 2174 326 2238 equites
336 2185 377 2224 aut
385 2176 460 2223 liberti
470 2176 571 2224 admissi.
603 2176 677 2223 ers.
693 2176 764 2223 Cf..
793 2194 863 2243 equor
880 2194 933 2226 cum
952 2180 1006 2241 Bip.
1020 2178 1141 2225 Puteolani
1154 2176 1282 2230 lectionem,

239 2239 315 2296 aaa.
776 2258 803 2289 eo
819 2257 866 2305 quo
886 2242 990 2289 dntinxit
1007 2242 1083 2289 modo.
1132 2239 1193 2287 Dein
1213 2249 1282 2301 negat

270 2301 339 2360 Dum
354 2316 405 2359 rem
416 2302 577 2366 familiarem]
598 2302 637 2350 De
655 2303 745 2359 Annua
776 2306 888 2367 Ryckius,
903 2304 928 2351 in
947 2306 1009 2353 Flor.
1026 2305 1072 2367 legi
1089 2310 1184 2359 tamem·
1206 2304 1283 2366 potius

238 2362 315 2410 Mella
335 2379 409 2412 sermo
434 2374 476 2424 cst,
498 2366 539 2428 qui
552 2374 626 2429 'pater
647 2366 744 2413 Lucani.
776 2368 808 2416 ibi
824 2379 857 2416 est
872 2376 957 2427 aretem,
975 2368 1038 2431 quod
1060 2376 1083 2416 et
1101 2368 1190 2429 recepit.
1230 2366 1283 2429 Ego

238 2426 315 2490 Atqui
330 2425 359 2474 de
372 2426 579 2477 illoEusebisuum
596 2428 681 2478 Chron.
714 2432 745 2478 L.
776 2432 1028 2496 quoqueaptiusputo.

239 2495 343 2538 Asnaus
356 2493 440 2551 Mello,
458 2495 546 2549 Seneca
553 2495 635 2555 sruter
647 2500 669 2540 et
688 2495 745 2542 Gol-
811 2497 1010 2559 corporationem]
1034 2495 1219 2556 Coniuratiouem
1239 2495 1283 2541 AE-

238 2554 321 2615 iouh,
331 2555 388 2599 imm
398 2557 490 2611 Lucani
496 2557 547 2616 filii
560 2559 597 2602 sui
616 2572 630 2602 a
645 2559 745 2631 hierom
777 2559 836 2606 milii
847 2557 939 2620 Lepidi,
949 2559 978 2606 de
989 2575 1036 2622 qua
1047 2559 1169 2606 Suetonitrs
1180 2559 1231 2606 cal.
1244 2561 1284 2606 ii.

234 2617 744 2745 nnntfatrrmterm
777 2621 1139 2748 titilianum..
1223 2685 1283 2734 m

238 2742 332 2802 abrepta
347 2750 370 2789 et
384 2750 477 2790 retenta
520 2745 565 2791 Sed
584 2759 627 2806 ego
642 2745 744 2807 ambigo,
777 2763 831 2795 eum
853 2755 951 2805 censent,
979 2749 1046 2808 cujus
1067 2747 1196 2810 fragmenta
1216 2749 1284 2796 hodie

211 2858 215 2861 ,
239 2819 314 2867 neque
329 2807 537 2868 censeo'pubIIcsta
551 2809 621 2866 bona,
636 2808 692 2871 quia
704 2824 745 2856 sus
776 2810 906 2874 purissima
919 2809 1064 2872 impuritatis.
1097 2810 1135 2858 De
1151 2827 1198 2875 quo
1214 2814 1283 2858 etiam

238 2881 310 2915 manu
331 2868 410 2916 cecidit
428 2878 452 2917 et
472 2869 641 2918 damnationem
658 2886 744 2932 prave·
777 2873 894 2930 delibero3
930 2873 988 2921 sicut
1021 2883 1044 2922 et
1078 2873 1107 2922 de
1134 2875 1281 2935 prenomine.

239 2932 280 2977 nit.
315 2931 385 2988 Quod
398 2931 745 2990 siesabareinliusebiocor·
777 2937 840 3000 quod
852 2935 915 2998 apud
930 2936 1033 2984 Plinium
1044 2939 1084 2996 37,
1095 2940 1119 2984 2.
1135 2936 1181 3001 (7.)
1215 2936 1283 2985 'litus

238 2994 307 3056 rigas,
324 3003 347 3040 et
362 2995 393 3040 ad
406 2996 454 3042 baec
469 2995 560 3043 Tacitis
580 2999 607 3043 ob
621 2999 677 3044 imru
695 2999 745 3044 Im*
778 3010 827 3056 ηις
851 3000 954 3062 itemque
975 3000 1125 3048 Plutarchum
1149 3001 1174 3047 in
1195 3000 1281 3061 libello,

238 3060 291 3103 curti
291 3058 345 3120 filii
352 3054 514 3105 suioNerme
518 3062 654 3120 perimitur.
671 3059 745 3108 LIPs.
778 3070 829 3116 Πῶς
841 3064 865 3108 ἄν
876 3077 911 3114 ’τις
921 3061 1017 3122 διακρίνοι
1029 3064 1064 3110 τὸν
1078 3065 1162 3109 κόλακα
1173 3069 1210 3113 sot
1221 3065 1284 3122 φίλου

238 3121 331 3182 Nempe
351 3121 437 3168 Fabius
462 3121 503 3169 ille
529 3122 617 3170 videtur
641 3124 746 3172 debuisse
777 3141 796 3173 c.
810 3128 849 3174 35.
863 3125 937 3188 pou
966 3126 1045 3188 Loqui
1054 3141 1092 3174 eos
1103 3125 1184 3175 dehoc
1194 3125 1283 3186 eodem,

239 3179 335 3230 Lucano
356 3185 421 3231 certis
441 3185 590 3240 nommibus3
614 3202 667 3248 quae
686 3187 745 3233 dum
777 3203 812 3236 ree
822 3187 952 3236 indicio'est.
974 3189 1137 3238 Pliniiverbas
1158 3191 1226 3238 Titus
1237 3193 1284 3238 Pe-

237 3246 307 3294 nimis
336 3246 455 3310 diligenter
481 3249 560 3310 exigit,
590 3250 639 3310 ejus
665 3249 744 3297 odium
778 3254 868 3299 troitus
886 3253 1020 3299 Coneuirris
1038 3253 1176 3312 moriturus,
1194 3255 1284 3300 inuidia

238 3311 368 3371 commorit.
420 3311 525 3374 Debebst
551 3312 590 3360 ille
617 3313 692 3360 Mella
720 3313 745 3360 in
778 3317 884 3364 Neronis
897 3315 1024 3376 Principis,
1036 3323 1063 3363 ut
1073 3331 1175 3370 musam
1185 3321 1234 3380 ejus
1245 3324 1285 3364 em

238 3373 418 3421 animo'bsbere
437 3374 496 3421 iilud
515 3375 593 3423 Verris
611 3392 648 3438 ap.
672 3374 745 3424 Cicer.
776 3380 904 3435 irrideret,
932 3381 1029 3425 trullam
1057 3381 1206 3428 murriisum
1232 3393 1282 3428 ccc

157 3451 162 3460 ’
238 3435 305 3482 Verr.
320 3440 393 3494 t,48.
408 3437 468 3483 inre
483 3437 605 3485 adventitia
621 3448 643 3486 et
658 3438 746 3486 heredi·
774 3455 819 3488 irs.
831 3449 931 3502 emptam
935 3442 1023 3503 fregit.
1046 3439 1180 3492 Plutarchis
1196 3444 1284 3496 Ἧτοὺσ

238 3499 296 3545 iuria
313 3513 359 3546 non
377 3508 480 3562 oportere
491 3501 562 3548 nmis
575 3501 706 3563 diligentem
722 3511 745 3548 et
777 3505 919 3557 ἀσώτουςκαὶ
930 3509 1055 3558 πολυτελεῖς
1064 3507 1238 3566 εἰςμικρολογῖαν
1247 3507 1283 3552 nul

237 3568 416 3610 summouere.
449 3563 520 3610 ERN.
547 3564 585 3612 De
595 3565 685 3613 Lucani
694 3565 744 3627 opl-
776 3569 877 3628 ῥυπαρίαν
892 3565 1026 3676 imiiiw’
1037 3567 1112 3637 ὥσπερ
1122 3569 1208 3628 Νέρωνα
1220 3571 1283 3620 Τῖτος

237 3625 281 3671 bus
293 3623 443 3682 adonemi,
455 3626 494 3680 79.
777 3631 903 3690 Πετρώνιος.
966 3632 1041 3692 aperio
1062 3640 1084 3678 et
1106 3633 1218 3678 Publium
1238 3633 1284 3678 Pe·

269 3691 311 3734 Ite
324 3689 458 3748 immoliret,
475 3705 500 3736 se
513 3691 606 3750 quidem
619 3693 680 3737 mori
692 3692 744 3737 nui·
776 3693 888 3753 trecium,
900 3693 944 3739 nisi
956 3693 1030 3751 fallor,
1042 3695 1104 3741 hunt
1115 3694 1236 3740 eumdems
1254 3694 1284 3742 de

238 3753 268 3798 iis
278 3753 387 3813 supplicii
397 3753 495 3814 comme]
512 3751 619 3799 Tacitum
626 3754 745 3816 reliquisse
776 3762 822 3816 quo
838 3755 870 3802 ita
886 3755 1021 3804 Scholiastes
1033 3765 1097 3804 vetus
1110 3755 1238 3816 Juvenalis,
1255 3759 1282 3804 'in

237 3828 334 3871 oensem
351 3815 464 3869 Additur,
485 3816 602 3874 codicillis,
625 3823 744 3878 tamquam
776 3815 835 3863 illud
853 3819 877 3876 6,
892 3820 946 3866 638.
963 3820 1003 3866 sed
1018 3822 1101 3866 sumet
1118 3822 1214 3875 Pontia,
1223 3823 1282 3884 feci.

238 3878 266 3924 de
286 3880 411 3939 iniquitate
434 3877 503 3924 esitii
524 3885 664 3940 querentem,
685 3883 745 3926 seri·
770 3881 873 3941 ἸΡονπὶα,
893 3881 976 3944 inquit,
999 3885 1080 3931 Publii
1099 3886 1209 3932 Petronii
1218 3887 1282 3946 filiu,

231 3943 315 4002 prium·
340 3941 428 3987 (inor.
461 3941 547 3989 Placet.
577 3941 743 3989 nsaeteua
776 3957 845 4002 quum
857 3947 926 3992 Nero
940 3947 1149 4010 conuictumtlego,
1166 3959 1232 4008 quem
1247 3949 1283 3994 N.

235 4003 261 4065 iu
282 4004 344 4066 vulg.
367 4004 518 4059 consentiunt,
538 4004 582 4050 nisi
602 4004 665 4067 qnod
685 4004 744 4051 inter
776 4009 914 4064 conuictum)
940 4011 967 4054 irs
995 4012 1094 4056 erimine
1119 4013 1284 4072 conjurationis

235 4069 354 4128 scripsisse
364 4069 522 4128 etseripsisset
530 4067 649 4115 fluctrrsot.
677 4066 740 4114 lidd.
776 4069 900 4116 damnavit.
953 4071 1017 4118 Nam
1039 4073 1122 4120 Pontia
1138 4072 1232 4134 quidem
1253 4077 1283 4122 ob

264 4163 270 4176 .
287 4129 362 4177 Rhana
379 4129 491 4190 (eBud)
509 4145 571 4192 seqq.
588 4130 633 4178 hos
648 4131 742 4188 habent,
775 4130 839 4180 aliud
858 4133 930 4180 soclus
946 4137 1032 4180 veneno
1043 4137 1142 4182 extincta
1153 4145 1194 4196 est,
1206 4145 1232 4184 ut
1242 4137 1285 4183 ad.

274 4193 326 4241 teol.
335 4193 477 4254 ‘Bersillud
485 4193 587 4256 itemque
597 4193 652 4242 MS.
664 4193 742 4242 Guelf.
775 4194 816 4241 dit.
830 4195 904 4244 ers.
919 4199 997 4257 Supra
1009 4199 1131 4259 repetendo
1138 4199 1227 4262 phrasis
1235 4201 1286 4246 Sal-

236 4253 297 4304 uox
318 4264 395 4304 temen
411 4264 445 4304 est
466 4273 479 4305 e
498 4257 560 4305 Flor.
603 4257 678 4306 Ceteri
699 4271 741 4306 scr.
775 4257 845 4313 lustii,
863 4275 904 4323 pro
921 4276 967 4325 qua
982 4261 1113 4321 eliachim
1125 4269 1205 4326 repet·
1227 4261 1287 4312 vti.
